2053 3404
877 281 1168 327 -13-

169 411 421 466 Sequuntur
450 425 605 457 versus
636 411 786 456 indiss.
819 409 857 465 1,
887 413 1002 467 trag.
1034 410 1073 466 3,
1112 423 1217 456 com.
1249 410 1299 467 43
1340 412 1506 467 septem
1537 422 1642 455 vero
1673 409 1873 456 versibus

167 482 440 526 indissolutis
471 482 612 533 oratio
644 481 926 525 concluditur.

922 585 1123 646 vespae.

309 657 377 703 De
406 658 630 703 Xanthiae
661 657 927 713 narratione,
970 670 1082 713 quae
1112 657 1229 703 inest
1258 658 1304 701 in
1334 658 1536 703 versibus
1569 656 1873 711 1292—1325,

165 729 211 771 in
241 730 518 784 paragrapho
551 729 692 772 dicam
724 731 947 781 sequente.

307 798 429 842 Idem
450 798 496 842 in
518 799 760 854 Vesparum
793 799 931 843 exodo
963 798 1162 843 nuntium
1194 798 1300 855 agit,
1332 799 1410 843 sed
1440 799 1556 843 inter
1585 797 1873 843 luculentiora

165 869 364 923 exempla
392 869 476 912 hoc
506 869 679 922 quidem
710 882 796 913 non
828 869 1070 913 ducendum
1102 872 1182 913 est.
1237 870 1403 913 Versus
1435 872 1538 913 sunt
1569 868 1873 922 1474-1481,

166 952 345 992 quorum
377 939 460 983 duo
490 938 741 984 indissoluti
772 942 887 994 sunt,
920 939 1057 984 ceteri
1087 939 1258 996 tragici.

305 1128 458 1172 Nuntii
487 1128 626 1183 primi,
658 1129 730 1182 qui
763 1129 908 1173 avium
939 1056 1242 1182 ggg⁸referffl‚
1275 1129 1415 1173 oratio
1438 1143 1465 1173 a
1485 1130 1651 1173 duobus
1672 1129 1873 1184 versibus

162 1199 435 1244 indissolutis
466 1199 620 1254 incipit
653 1198 768 1243 1122
790 1212 838 1254 s.‚
869 1200 1012 1244 nuntii
1042 1200 1224 1245 secundi
1251 1213 1278 1244 a
1301 1213 1434 1245 versu
1456 1199 1572 1244 1170
1600 1199 1872 1244 indissoluto.

164 1270 249 1314 Hic
279 1270 408 1313 deum
437 1271 509 1314 vel
541 1271 666 1314 deam
698 1271 889 1324 aliquam
918 1271 1096 1315 venisse
1136 1273 1291 1315 narrat
1321 1274 1454 1324 atque
1491 1284 1597 1315 aves
1634 1274 1870 1324 enumerat,

164 1354 276 1394 quae
305 1341 426 1385 illam
457 1343 718 1395 sequantur,
758 1342 959 1386 versibus
990 1345 1104 1398 trag.
1136 1341 1185 1396 4,
1228 1355 1332 1387 com.
1365 1340 1388 1385 1
1433 1355 1569 1396 usque
1611 1342 1667 1386 ad
1697 1354 1871 1387 versum

166 1410 278 1455 1181
317 1411 635 1456 indissolutum.
697 1411 947 1466 Sequuntur
986 1425 1140 1457 versus
1180 1413 1331 1456 indiss.
1362 1412 1411 1465 4,
1451 1412 1601 1467 itaque
1641 1413 1711 1456 hic
1751 1414 1870 1456 locus

164 1483 407 1526 simillimus
439 1485 509 1526 est
539 1483 887 1527 Acharnensium
917 1483 980 1526 ini
1012 1497 1137 1537 quem
1170 1483 1322 1527 attuli:

163 1565 203 1608 A
216 1578 239 1609 c
252 1566 292 1609 h.
610 1562 627 1665 Ι
640 1579 711 1611 vv.
727 1567 843 1621 trag.
859 1564 899 1620 2,
916 1578 1021 1610 com.
1038 1564 1065 1609 4

1375 1563 1399 1671 Ι
1411 1579 1483 1611 vv.
1496 1568 1609 1622 trag.
1623 1565 1661 1620 1,
1682 1565 1830 1609 indiss.
1844 1565 1869 1609 7

319 1655 360 1687 v.
381 1641 532 1686 indiss.
557 1642 580 1685 1
610 1673 627 1777 l

1067 1562 1087 1668 1
1101 1656 1142 1687 v.
1154 1642 1305 1687 indiss.
1320 1642 1364 1698 13

163 1720 228 1763 Ve
237 1732 305 1774 sp.
641 1733 711 1764 vv.
728 1722 842 1776 trag.
858 1719 898 1774 4,
916 1733 1021 1764 com.
1040 1719 1063 1763 1
1381 1674 1397 1777 ι
1410 1733 1482 1765 vv.
1502 1720 1653 1763 indiss.
1676 1719 1715 1763 4.

304 1802 473 1847 Deinde
505 1801 733 1859 ἐξάγγελος
773 1803 818 1847 in
849 1803 1007 1849 Avium
1049 1803 1186 1847 exodo
1229 1802 1372 1857 prodit
1409 1802 1668 1857 nuntiatque
1698 1802 1868 1847 Pisthe-

160 1877 332 1917 taerum
362 1873 658 1927 Basiliamque
689 1874 910 1932 accedere.
971 1875 1136 1918 Versus
1169 1872 1461 1917 1706-1719
1499 1874 1540 1917 ei
1570 1874 1724 1917 tributi
1754 1877 1869 1928 sunt,

163 1945 218 1989 14
250 1958 441 1998 numero,
472 1945 632 2001 tragici
663 1944 704 1999 4,
734 1945 984 1989 indissoluti
1015 1943 1084 1989 10.

750 2059 1286 2122 Thesmophoriazusae.

303 2133 549 2179 Clisthenes
569 2133 715 2190 prodit
736 2133 989 2178 mulieribus
1010 2132 1290 2178 nuntiaturus
1311 2132 1624 2177 Mnesilochum
1655 2132 1701 2175 in
1722 2144 1869 2176 earum

158 2205 304 2249 inesse
335 2218 526 2249 numero.
587 2205 677 2249 Res
709 2207 779 2249 est
810 2205 864 2249 de
894 2218 965 2250 vv.
997 2203 1244 2249 574-—596.

301 2275 464 2331 Incipit
494 2274 671 2331 ἀγγελία
703 2288 730 2320 a
759 2288 892 2321 versu
924 2275 1011 2320 578

374 2341 462 2401 ἥκω
494 2346 682 2403 φράσων
711 2344 830 2388 τοῦτ’
861 2345 1049 2401 ἀγγελῶν
1080 2345 1250 2400 θ’ὖμΐν,
1284 2344 1358 2388 ἵνα
1380 2379 1389 2389 .
1411 2380 1421 2389 .
1443 2379 1452 2389 .

159 2417 387 2471 tenditque
417 2429 555 2471 usque
587 2417 643 2461 ad
673 2429 830 2463 versus

375 2486 541 2544 ληρεῖς·
575 2484 654 2541 ἐγώ
684 2485 767 2542 γὰρ
800 2484 877 2527 οὐκ
907 2483 964 2528 ἄν
993 2482 1140 2542 ἦλθον
1172 2485 1376 2541 ἀγγελῶν,

376 2555 418 2598 εἶ
444 2555 503 2613 μὴ
538 2555 794 2615 ’πεπύσμην
823 2558 967 2599 ταῦτα
997 2558 1086 2599 τῶν
1117 2554 1228 2613 σάφ’
1259 2553 1455 2599 εἰδότων.

157 2630 285 2673 Intra
314 2630 394 2673 hos
419 2628 627 2672 terminos
650 2627 897 2673 Clisthenes
928 2641 1084 2675 versus
1114 2628 1276 2673 recitat
1305 2628 1517 2682 undecim,
1548 2641 1725 2682 quorum
1757 2641 1868 2672 unus

158 2702 229 2745 est
259 2699 448 2745 comicus
479 2697 618 2758 (585),
650 2700 786 2744 ceteri
815 2700 1075 2744 indissoluti.

829 2816 1205 2867 Ecclesiazusae.

298 2889 524 2943 Famulae,
554 2902 667 2945 quae
695 2890 791 2934 loco
832 2889 975 2934 nuntii
1003 2889 1049 2934 in
1090 2889 1228 2935 exodo
1269 2889 1434 2945 prodit,
1471 2901 1626 2934 versus
1658 2900 1865 2932 memora-

154 2961 265 3005 biles
297 2962 403 3005 sunt
434 2959 727 3004 1130-1133
759 2959 806 3017 (4
838 2973 909 3005 vv.
940 2958 1123 3016 indies).
