2053 3404
908 291 971 317 >—
1032 266 1207 309 81—

202 401 381 454 statuit,
432 400 535 454 quia
573 398 780 454 plurimos
825 398 1091 451 anapaestos
1139 396 1338 451 dactylos
1385 397 1630 442 tribrachos
1672 399 1908 443 admiserit.

205 472 298 527 Quo
330 484 434 516 vero
465 470 566 519 iure,
590 471 729 512 totam
760 469 875 511 hanc
906 467 1273 521 comparationem
1303 468 1528 511 instituit?

344 539 544 595 Tragicis
586 538 757 592 quidem
802 537 944 592 poetis
985 537 1109 592 leges
1151 537 1283 581 datae
1325 540 1449 590 sunt,
1494 538 1569 582 ubi
1611 539 1782 582 comicis
1823 552 1909 583 non

204 612 342 655 solum
381 609 621 665 permissae
662 608 741 652 sed
780 607 1005 651 iniunctae
1047 609 1150 651 sunt
1190 607 1408 651 licentiae.
1478 609 1538 652 Ut
1578 609 1624 651 in
1664 610 1909 654 observatis

201 682 300 725 istis
330 680 502 736 legibus
533 679 731 734 pristinis
764 691 817 722 ac
849 678 1016 723 severis
1048 678 1314 733 tragicorum
1356 679 1498 734 gloria
1539 679 1684 733 posita
1715 683 1804 733 est,
1845 681 1909 725 ita

202 765 303 796 num
332 750 555 795 laudanda
586 763 644 794 an
673 749 965 804 vituperanda
996 749 1055 792 sit
1087 749 1343 794 comicorum
1375 752 1603 804 poetarum
1625 763 1696 793 ars
1719 751 1910 799 metrica,

203 836 259 866 ex
287 823 424 877 ipsius
455 822 572 865 illius
604 821 713 864 artis
745 820 956 873 licentiis,
999 821 1209 874 quomodo
1252 821 1315 865 eis
1357 821 1423 864 usi
1463 821 1574 873 sint,
1614 834 1712 865 mea
1741 822 1911 874 quidem

203 892 402 947 opinione
432 891 709 935 iudicandum
741 894 822 935 est.
884 890 998 946 Quid
1029 904 1133 934 vero
1166 904 1292 945 porro
1331 905 1386 935 ex
1417 891 1636 943 omnibus,
1679 905 1785 945 quos
1816 905 1911 946 per-

203 963 441 1017 pendimus,
474 962 730 1005 comicorum
761 961 972 1004 trimetris
1004 961 1175 1004 eluxit?
1236 962 1350 1005 Mira
1382 965 1490 1015 arte,
1526 962 1653 1004 immo
1685 962 1911 1017 ingeniose

203 1046 277 1077 eos
307 1046 399 1076 rem
435 1032 657 1076 metricam
696 1032 962 1085 excoluisse,
987 1029 1054 1075 ‘ut
1094 1036 1284 1076 venusta
1323 1033 1411 1076 ista
1452 1035 1663 1076 nascatur
1701 1032 1910 1086 varietas,

203 1116 314 1157 quae
344 1116 423 1146 nos
456 1116 624 1157 quoque
654 1103 780 1147 iuvat
812 1105 943 1156 atque
976 1103 1180 1146 delectat.
1242 1104 1398 1157 Itaque
1429 1103 1645 1158 Rumpelii
1676 1107 1722 1147 et
1752 1117 1911 1157 eorum,

203 1173 275 1227 qui
314 1174 435 1217 illum
475 1176 736 1227 sequuntur,
778 1173 1001 1217 sententia
1042 1174 1300 1229 corrigenda
1338 1178 1427 1218 est:
1471 1188 1558 1218 non
1589 1175 1748 1229 peioris
1780 1178 1912 1219 notae

204 1256 276 1287 ars
318 1247 407 1298 est,
450 1257 536 1298 qua
565 1244 884 1299 ArIstophanes
926 1244 1167 1288 trimetrum
1209 1245 1438 1289 iambicum
1478 1246 1739 1300 composuit,
1782 1259 1912 1300 quam

203 1314 484 1357 celeberrima
513 1314 592 1357 illa
621 1314 886 1369 tragicorum
918 1317 1166 1368 poetarum,
1208 1317 1286 1359 sed
1316 1328 1494 1370 prorsus
1533 1316 1710 1360 diversa
1740 1317 1913 1370 quidem

203 1384 258 1427 ab
305 1385 401 1427 arte
446 1383 638 1437 illorum,
683 1396 823 1438 neque
869 1386 1017 1428 tamen
1063 1385 1204 1429 minus
1251 1386 1520 1429 admiranda.
1590 1387 1718 1430 Hanc
1765 1389 1911 1430 autem

200 1454 499 1506 quaestionem
530 1466 607 1497 8110
638 1455 744 1507 iure,
774 1456 825 1498 111
855 1455 1056 1498 docuisse
1086 1456 1190 1499 mihi
1220 1456 1382 1508 videor,
1413 1457 1682 1510 postulatam
1713 1470 1794 1501 nec
1816 1458 1911 1501 sine

201 1522 360 1576 fructu,
391 1525 441 1567 ut
472 1536 611 1578 spero,
641 1523 889 1569 institutam
921 1536 1036 1569 nunc
1067 1526 1237 1579 quidem
1270 1527 1325 1570 ad
1356 1526 1485 1570 finem
1516 1527 1712 1581 perduxi.
