<?xml version="1.0" encoding="UTF-8"?>
<!DOCTYPE html PUBLIC "-//W3C//DTD XHTML 1.0 Transitional//EN"
    "http://www.w3.org/TR/xhtml1/DTD/xhtml1-transitional.dtd">
<html xmlns="http://www.w3.org/1999/xhtml" xml:lang="en" lang="en">
 <head>
  <title>
</title>
<meta http-equiv="Content-Type" content="text/html;charset=utf-8" />
  <meta name='ocr-system' content='tesseract 3.04.00' />
  <meta name='ocr-capabilities' content='ocr_page ocr_carea ocr_par ocr_line ocrx_word'/>
</head>
<body>
  <div class='ocr_page' id='page_1' title='image "./4626793_0056.png"; bbox 0 0 2053 3404; ppageno 0'>
   <div class='ocr_carea' id='block_1_1' title="bbox 977 254 1269 300">
    <p class='ocr_par' dir='ltr' id='par_1_1' title="bbox 977 254 1269 300">
     <span class='ocr_line' id='line_1_1' title="bbox 977 254 1269 300; baseline -0.01 -10"><span class='ocrx_word' id='word_1_1' title='bbox 977 254 1269 300; x_wconf 71' lang='lat'>..50-</span> 
     </span>
    </p>
   </div>
   <div class='ocr_carea' id='block_1_2' title="bbox 422 383 1856 514">
    <p class='ocr_par' dir='ltr' id='par_1_2' title="bbox 422 383 1856 514">
     <span class='ocr_line' id='line_1_2' title="bbox 422 383 1856 442; baseline -0.001 -14"><span class='ocrx_word' id='word_1_2' title='bbox 422 383 558 428; x_wconf 65' lang='lat' dir='ltr'><strong><em>”aaz</em></strong></span> <span class='ocrx_word' id='word_1_3' title='bbox 586 387 676 442; x_wconf 86' lang='grc' dir='ltr'><strong><em>μὴν</em></strong></span> <span class='ocrx_word' id='word_1_4' title='bbox 705 386 757 428; x_wconf 85' lang='grc' dir='ltr'><strong><em>τὸ</em></strong></span> <span class='ocrx_word' id='word_1_5' title='bbox 788 387 1016 442; x_wconf 82' lang='grc' dir='ltr'><strong><em>μειράκιον</em></strong></span> <span class='ocrx_word' id='word_1_6' title='bbox 1044 386 1146 428; x_wconf 84' lang='grc' dir='ltr'><strong><em>τοδὶ</em></strong></span> <span class='ocrx_word' id='word_1_7' title='bbox 1176 385 1475 442; x_wconf 80' lang='grc' dir='ltr'><strong><em>προσέρχεται</em></strong></span> <span class='ocrx_word' id='word_1_8' title='bbox 1593 386 1707 429; x_wconf 80' lang='lat' dir='ltr'><strong>Plut.</strong></span> <span class='ocrx_word' id='word_1_9' title='bbox 1741 384 1856 428; x_wconf 87' lang='grc'>1038</span> 
     </span>
     <span class='ocr_line' id='line_1_3' title="bbox 485 452 1377 514; baseline 0 -15"><span class='ocrx_word' id='word_1_10' title='bbox 485 452 626 513; x_wconf 80' lang='grc' dir='ltr'><strong><em>οὗπερ</em></strong></span> <span class='ocrx_word' id='word_1_11' title='bbox 659 456 802 500; x_wconf 85' lang='grc' dir='ltr'><strong><em>πάλαι</em></strong></span> <span class='ocrx_word' id='word_1_12' title='bbox 831 459 1135 514; x_wconf 82' lang='grc' dir='ltr'><strong><em>κατηγοροῦσα</em></strong></span> <span class='ocrx_word' id='word_1_13' title='bbox 1165 456 1377 511; x_wconf 77' lang='grc' dir='ltr'><strong><em>τυγχάνω.</em></strong></span> 
     </span>
    </p>
   </div>
   <div class='ocr_carea' id='block_1_3' title="bbox 340 522 626 532">
    <p class='ocr_par' dir='ltr' id='par_1_3' title="bbox 340 522 626 532">
     <span class='ocr_line' id='line_1_4' title="bbox 340 522 626 532; baseline 0 0"><span class='ocrx_word' id='word_1_14' title='bbox 340 522 626 532; x_wconf 95' lang='lat' dir='ltr'><strong><em> </em></strong></span> 
     </span>
    </p>
   </div>
   <div class='ocr_carea' id='block_1_4' title="bbox 480 534 1793 667">
    <p class='ocr_par' dir='ltr' id='par_1_4' title="bbox 480 534 1793 667">
     <span class='ocr_line' id='line_1_5' title="bbox 480 534 1784 596; baseline -0.001 -14"><span class='ocrx_word' id='word_1_15' title='bbox 480 541 557 589; x_wconf 83' lang='grc' dir='ltr'><strong><em>καὶ</em></strong></span> <span class='ocrx_word' id='word_1_16' title='bbox 586 543 666 582; x_wconf 83' lang='grc' dir='ltr'><strong><em>νῦν</em></strong></span> <span class='ocrx_word' id='word_1_17' title='bbox 696 538 873 594; x_wconf 77' lang='grc' dir='ltr'><strong><em>ἄγοντες</em></strong></span> <span class='ocrx_word' id='word_1_18' title='bbox 904 534 1067 594; x_wconf 78' lang='grc' dir='ltr'><strong><em>ἥκομεν</em></strong></span> <span class='ocrx_word' id='word_1_19' title='bbox 1101 539 1443 596; x_wconf 79' lang='grc' dir='ltr'><strong><em>Ψευδαρτάβαν.</em></strong></span> <span class='ocrx_word' id='word_1_20' title='bbox 1593 540 1699 582; x_wconf 87' lang='lat' dir='ltr'><strong>Ach.</strong></span> <span class='ocrx_word' id='word_1_21' title='bbox 1731 537 1784 581; x_wconf 84' lang='lat'><strong><em>91</em></strong></span> 
     </span>
     <span class='ocr_line' id='line_1_6' title="bbox 482 603 1793 667; baseline -0.002 -13"><span class='ocrx_word' id='word_1_22' title='bbox 482 606 570 667; x_wconf 78' lang='grc' dir='ltr'><strong><em>ἥκω</em></strong></span> <span class='ocrx_word' id='word_1_23' title='bbox 601 609 706 666; x_wconf 80' lang='grc' dir='ltr'><strong><em>παρ’</em></strong></span> <span class='ocrx_word' id='word_1_24' title='bbox 727 608 842 664; x_wconf 78' lang='grc' dir='ltr'><strong><em>ὑμᾶς</em></strong></span> <span class='ocrx_word' id='word_1_25' title='bbox 859 643 869 654; x_wconf 94' lang='grc'><strong><em>.</em></strong></span> <span class='ocrx_word' id='word_1_26' title='bbox 882 643 892 654; x_wconf 95' lang='grc'><strong><em>.</em></strong></span> <span class='ocrx_word' id='word_1_27' title='bbox 905 607 997 654; x_wconf 69' lang='lat'><strong><em>.-*</em></strong></span> <span class='ocrx_word' id='word_1_28' title='bbox 1008 604 1179 667; x_wconf 68' lang='grc' dir='ltr'><strong><em>(ἕτερον</em></strong></span> <span class='ocrx_word' id='word_1_29' title='bbox 1194 603 1253 653; x_wconf 76' lang='grc' dir='ltr'><strong><em>αὖ</em></strong></span> <span class='ocrx_word' id='word_1_30' title='bbox 1265 610 1391 651; x_wconf 82' lang='grc' dir='ltr'><strong><em>τουτὶ</em></strong></span> <span class='ocrx_word' id='word_1_31' title='bbox 1405 608 1572 666; x_wconf 87' lang='grc' dir='ltr'><strong><em>κακόν.)</em></strong></span> <span class='ocrx_word' id='word_1_32' title='bbox 1594 609 1675 654; x_wconf 88' lang='lat' dir='ltr'><strong><em>AV.</em></strong></span> <span class='ocrx_word' id='word_1_33' title='bbox 1707 607 1793 652; x_wconf 92' lang='grc'><strong><em>992</em></strong></span> 
     </span>
    </p>
   </div>
   <div class='ocr_carea' id='block_1_5' title="bbox 480 677 1974 951">
    <p class='ocr_par' dir='ltr' id='par_1_5' title="bbox 482 677 1835 740">
     <span class='ocr_line' id='line_1_7' title="bbox 482 677 1835 740; baseline -0.002 -14"><span class='ocrx_word' id='word_1_34' title='bbox 482 677 570 740; x_wconf 74' lang='grc' dir='ltr'><strong><em>ἥκω</em></strong></span> <span class='ocrx_word' id='word_1_35' title='bbox 601 680 708 738; x_wconf 80' lang='grc' dir='ltr'><strong><em>παρ’</em></strong></span> <span class='ocrx_word' id='word_1_36' title='bbox 727 679 842 736; x_wconf 81' lang='grc' dir='ltr'><strong><em>ὑμᾶς</em></strong></span> <span class='ocrx_word' id='word_1_37' title='bbox 874 681 1005 738; x_wconf 83' lang='grc' dir='ltr'><strong><em>δεῦρο</em></strong></span> <span class='ocrx_word' id='word_1_38' title='bbox 1038 679 1269 737; x_wconf 80' lang='grc' dir='ltr'><strong><em>πωλήσων.</em></strong></span> <span class='ocrx_word' id='word_1_39' title='bbox 1302 718 1349 723; x_wconf 78' lang='grc'>-</span> <span class='ocrx_word' id='word_1_40' title='bbox 1369 680 1421 724; x_wconf 85' lang='grc' dir='ltr'><strong><em>τὸ</em></strong></span> <span class='ocrx_word' id='word_1_41' title='bbox 1453 683 1502 723; x_wconf 88' lang='grc' dir='ltr'><strong><em>τί</em></strong></span> <span class='ocrx_word' id='word_1_42' title='bbox 1505 697 1523 734; x_wconf 89' lang='grc'><strong><em>,·</em></strong></span> <span class='ocrx_word' id='word_1_43' title='bbox 1593 682 1674 726; x_wconf 87' lang='lat' dir='ltr'><strong><em>AV.</em></strong></span> <span class='ocrx_word' id='word_1_44' title='bbox 1706 679 1835 730; x_wconf 82' lang='grc'>1038,</span> 
     </span>
    </p>

    <p class='ocr_par' dir='ltr' id='par_1_6' title="bbox 480 749 1974 951">
     <span class='ocr_line' id='line_1_8' title="bbox 482 749 1881 810; baseline -0.001 -15"><span class='ocrx_word' id='word_1_45' title='bbox 482 749 570 810; x_wconf 77' lang='grc' dir='ltr'><strong><em>ἥκω</em></strong></span> <span class='ocrx_word' id='word_1_46' title='bbox 601 751 787 809; x_wconf 78' lang='grc' dir='ltr'><strong><em>φράσων</em></strong></span> <span class='ocrx_word' id='word_1_47' title='bbox 817 751 937 794; x_wconf 83' lang='grc' dir='ltr'><strong><em>τοῦτ’</em></strong></span> <span class='ocrx_word' id='word_1_48' title='bbox 968 751 1156 807; x_wconf 80' lang='grc' dir='ltr'><strong><em>ἀγγελῶν</em></strong></span> <span class='ocrx_word' id='word_1_49' title='bbox 1186 751 1236 794; x_wconf 72' lang='grc' dir='ltr'><strong><em>θ’</em></strong></span> <span class='ocrx_word' id='word_1_50' title='bbox 1260 750 1380 807; x_wconf 79' lang='grc' dir='ltr'><strong><em>ὑμῖν,</em></strong></span> <span class='ocrx_word' id='word_1_51' title='bbox 1413 750 1488 794; x_wconf 79' lang='grc' dir='ltr'><strong><em>ἵνα</em></strong></span> <span class='ocrx_word' id='word_1_52' title='bbox 1593 753 1764 796; x_wconf 83' lang='lat' dir='ltr'><strong>Thesm.</strong></span> <span class='ocrx_word' id='word_1_53' title='bbox 1795 750 1881 794; x_wconf 87' lang='lat'><strong><em>579</em></strong></span> 
     </span>
     <span class='ocr_line' id='line_1_9' title="bbox 483 821 1974 880; baseline -0.002 -13"><span class='ocrx_word' id='word_1_54' title='bbox 483 821 571 880; x_wconf 76' lang='grc' dir='ltr'><strong><em>ἤκω</em></strong></span> <span class='ocrx_word' id='word_1_55' title='bbox 607 826 857 879; x_wconf 80' lang='grc' dir='ltr'><strong><em>Θεαρίωνος</em></strong></span> <span class='ocrx_word' id='word_1_56' title='bbox 889 822 1170 878; x_wconf 80' lang='grc' dir='ltr'><strong><em>ἀρτοπώλιον</em></strong></span> <span class='ocrx_word' id='word_1_57' title='bbox 1594 822 1813 877; x_wconf 78' lang='lat' dir='ltr'><strong>Aristoph.</strong></span> <span class='ocrx_word' id='word_1_58' title='bbox 1824 821 1974 866; x_wconf 85' lang='lat' dir='ltr'><strong>fr.155</strong></span> 
     </span>
     <span class='ocr_line' id='line_1_10' title="bbox 480 892 1310 951; baseline -0.002 -13"><span class='ocrx_word' id='word_1_59' title='bbox 480 895 639 948; x_wconf 85' lang='grc' dir='ltr'><strong><em>λιπών,</em></strong></span> <span class='ocrx_word' id='word_1_60' title='bbox 672 892 725 936; x_wconf 70' lang='grc' dir='ltr'><strong><em>ἵν’</em></strong></span> <span class='ocrx_word' id='word_1_61' title='bbox 757 893 853 936; x_wconf 78' lang='grc' dir='ltr'><strong><em>ἐστὶ</em></strong></span> <span class='ocrx_word' id='word_1_62' title='bbox 882 893 1104 951; x_wconf 79' lang='grc' dir='ltr'><strong><em>κριβάνων</em></strong></span> <span class='ocrx_word' id='word_1_63' title='bbox 1135 892 1310 937; x_wconf 69' lang='grc' dir='ltr'><strong><em>ἑδώλια.</em></strong></span> 
     </span>
    </p>
   </div>
   <div class='ocr_carea' id='block_1_6' title="bbox 346 1399 630 1406">
    <p class='ocr_par' dir='ltr' id='par_1_7' title="bbox 346 1399 630 1406">
     <span class='ocr_line' id='line_1_11' title="bbox 346 1399 630 1406; baseline 0 1998"><span class='ocrx_word' id='word_1_64' title='bbox 346 1399 630 1406; x_wconf 95' lang='lat' dir='ltr'><strong><em> </em></strong></span> 
     </span>
    </p>
   </div>
   <div class='ocr_carea' id='block_1_7' title="bbox 338 1764 623 1773">
    <p class='ocr_par' dir='ltr' id='par_1_8' title="bbox 338 1764 623 1773">
     <span class='ocr_line' id='line_1_12' title="bbox 338 1764 623 1773; baseline 0 0"><span class='ocrx_word' id='word_1_65' title='bbox 338 1764 623 1773; x_wconf 95' lang='lat' dir='ltr'><strong><em> </em></strong></span> 
     </span>
    </p>
   </div>
   <div class='ocr_carea' id='block_1_8' title="bbox 268 959 1977 1908">
    <p class='ocr_par' dir='ltr' id='par_1_9' title="bbox 268 959 1967 1175">
     <span class='ocr_line' id='line_1_13' title="bbox 483 959 1967 1022; baseline -0.001 -13"><span class='ocrx_word' id='word_1_66' title='bbox 483 967 664 1021; x_wconf 82' lang='grc' dir='ltr'><strong><em>γυναῖκα</em></strong></span> <span class='ocrx_word' id='word_1_67' title='bbox 695 964 749 1021; x_wconf 84' lang='grc' dir='ltr'><strong><em>δὴ</em></strong></span> <span class='ocrx_word' id='word_1_68' title='bbox 785 967 1015 1022; x_wconf 82' lang='grc' dir='ltr'><strong><em>ζητοῦντες</em></strong></span> <span class='ocrx_word' id='word_1_69' title='bbox 1047 963 1206 1007; x_wconf 75' lang='grc' dir='ltr'><strong><em>ἐνθάδ’</em></strong></span> <span class='ocrx_word' id='word_1_70' title='bbox 1237 959 1399 1021; x_wconf 78' lang='grc' dir='ltr'><strong><em>ἥκομεν</em></strong></span> <span class='ocrx_word' id='word_1_71' title='bbox 1431 1000 1440 1009; x_wconf 93' lang='grc'><strong><em>.</em></strong></span> <span class='ocrx_word' id='word_1_72' title='bbox 1464 1000 1473 1009; x_wconf 95' lang='grc'><strong><em>.</em></strong></span> <span class='ocrx_word' id='word_1_73' title='bbox 1497 1000 1507 1009; x_wconf 90' lang='grc'><strong><em>.</em></strong></span> <span class='ocrx_word' id='word_1_74' title='bbox 1591 964 1812 1020; x_wconf 80' lang='lat' dir='ltr'><strong>Aristoph.</strong></span> <span class='ocrx_word' id='word_1_75' title='bbox 1823 964 1877 1009; x_wconf 89' lang='lat' dir='ltr'><strong><em>fr.</em></strong></span> <span class='ocrx_word' id='word_1_76' title='bbox 1889 963 1967 1008; x_wconf 84' lang='grc'><strong><em>45]</em></strong></span> 
     </span>
     <span class='ocr_line' id='line_1_14' title="bbox 481 1030 1943 1093; baseline -0.001 -14"><span class='ocrx_word' id='word_1_77' title='bbox 481 1037 528 1079; x_wconf 80' lang='grc' dir='ltr'><strong><em>ὲκ</em></strong></span> <span class='ocrx_word' id='word_1_78' title='bbox 557 1038 644 1079; x_wconf 77' lang='grc' dir='ltr'><strong><em>τῶν</em></strong></span> <span class='ocrx_word' id='word_1_79' title='bbox 675 1035 819 1093; x_wconf 80' lang='grc' dir='ltr'><strong><em>άγρῶν</em></strong></span> <span class='ocrx_word' id='word_1_80' title='bbox 848 1030 1030 1091; x_wconf 78' lang='grc' dir='ltr'><strong><em>ἥκουσιν</em></strong></span> <span class='ocrx_word' id='word_1_81' title='bbox 1062 1033 1383 1092; x_wconf 75' lang='grc' dir='ltr'><strong><em>ἔβλαστηκότες</em></strong></span> <span class='ocrx_word' id='word_1_82' title='bbox 1415 1070 1425 1080; x_wconf 92' lang='grc'><strong><em>.</em></strong></span> <span class='ocrx_word' id='word_1_83' title='bbox 1447 1070 1457 1080; x_wconf 96' lang='grc'><strong><em>.</em></strong></span> <span class='ocrx_word' id='word_1_84' title='bbox 1480 1069 1489 1080; x_wconf 95' lang='grc'><strong><em>.</em></strong></span> <span class='ocrx_word' id='word_1_85' title='bbox 1591 1035 1745 1090; x_wconf 85' lang='lat' dir='ltr'><strong>Eupol.</strong></span> <span class='ocrx_word' id='word_1_86' title='bbox 1773 1035 1827 1080; x_wconf 85' lang='lat' dir='ltr'><strong><em>fr.</em></strong></span> <span class='ocrx_word' id='word_1_87' title='bbox 1859 1033 1943 1078; x_wconf 83' lang='grc'><strong><em>329</em></strong></span> 
     </span>
     <span class='ocr_line' id='line_1_15' title="bbox 268 1118 1846 1175; baseline -0.003 -10"><span class='ocrx_word' id='word_1_88' title='bbox 268 1123 396 1165; x_wconf 90' lang='lat' dir='ltr'><strong>Hunc</strong></span> <span class='ocrx_word' id='word_1_89' title='bbox 428 1120 655 1175; x_wconf 81' lang='lat' dir='ltr'><strong>Eupolidis</strong></span> <span class='ocrx_word' id='word_1_90' title='bbox 686 1133 862 1165; x_wconf 86' lang='lat' dir='ltr'><strong>versum</strong></span> <span class='ocrx_word' id='word_1_91' title='bbox 892 1119 937 1162; x_wconf 89' lang='lat' dir='ltr'><strong><em>in</em></strong></span> <span class='ocrx_word' id='word_1_92' title='bbox 967 1119 1091 1162; x_wconf 78' lang='lat' dir='ltr'><strong>initio</strong></span> <span class='ocrx_word' id='word_1_93' title='bbox 1124 1132 1312 1163; x_wconf 80' lang='lat' dir='ltr'><strong>scaenae</strong></span> <span class='ocrx_word' id='word_1_94' title='bbox 1342 1119 1530 1174; x_wconf 79' lang='lat' dir='ltr'><strong>positum</strong></span> <span class='ocrx_word' id='word_1_95' title='bbox 1562 1118 1699 1162; x_wconf 83' lang='lat' dir='ltr'><strong>fuisse</strong></span> <span class='ocrx_word' id='word_1_96' title='bbox 1729 1121 1846 1172; x_wconf 79' lang='lat' dir='ltr'><strong>puto.</strong></span> 
     </span>
    </p>

    <p class='ocr_par' dir='ltr' id='par_1_10' title="bbox 444 1185 1977 1316">
     <span class='ocr_line' id='line_1_16' title="bbox 446 1185 1977 1246; baseline 0.001 -12"><span class='ocrx_word' id='word_1_97' title='bbox 446 1192 580 1235; x_wconf 82' lang='grc' dir='ltr'><strong><em>*νυνὶ</em></strong></span> <span class='ocrx_word' id='word_1_98' title='bbox 609 1190 694 1246; x_wconf 79' lang='grc' dir='ltr'><strong><em>μὲν</em></strong></span> <span class='ocrx_word' id='word_1_99' title='bbox 723 1185 905 1246; x_wconf 79' lang='grc' dir='ltr'><strong><em>ἥκουσιν</em></strong></span> <span class='ocrx_word' id='word_1_100' title='bbox 934 1189 1222 1245; x_wconf 72' lang='grc' dir='ltr'><strong><em>Μεγαρόθεν,</em></strong></span> <span class='ocrx_word' id='word_1_101' title='bbox 1256 1187 1343 1232; x_wconf 82' lang='grc' dir='ltr'><strong><em>εἶσὶ</em></strong></span> <span class='ocrx_word' id='word_1_102' title='bbox 1375 1188 1426 1233; x_wconf 76' lang='grc' dir='ltr'><strong><em>δὲ</em></strong></span> <span class='ocrx_word' id='word_1_103' title='bbox 1595 1188 1751 1234; x_wconf 76' lang='lat' dir='ltr'><strong>Stratt.</strong></span> <span class='ocrx_word' id='word_1_104' title='bbox 1783 1188 1836 1232; x_wconf 83' lang='lat' dir='ltr'><strong><em>fr.</em></strong></span> <span class='ocrx_word' id='word_1_105' title='bbox 1868 1186 1938 1241; x_wconf 87' lang='grc'><strong><em>26,</em></strong></span> <span class='ocrx_word' id='word_1_106' title='bbox 1955 1201 1977 1235; x_wconf 84' lang='grc'>2</span> 
     </span>
     <span class='ocr_line' id='line_1_17' title="bbox 444 1258 1440 1316; baseline -0.002 -12"><span class='ocrx_word' id='word_1_107' title='bbox 444 1261 740 1316; x_wconf 62' lang='grc' dir='ltr'><strong><em>*Κορίνθιαιέ</em></strong></span> <span class='ocrx_word' id='word_1_108' title='bbox 772 1260 890 1309; x_wconf 67' lang='grc' dir='ltr'><strong><em>Λαῒς</em></strong></span> <span class='ocrx_word' id='word_1_109' title='bbox 918 1260 1002 1315; x_wconf 78' lang='grc' dir='ltr'><strong><em>μὲν</em></strong></span> <span class='ocrx_word' id='word_1_110' title='bbox 1030 1258 1109 1315; x_wconf 84' lang='grc' dir='ltr'><strong><em>ἡδὶ</em></strong></span> <span class='ocrx_word' id='word_1_111' title='bbox 1142 1259 1440 1315; x_wconf 78' lang='grc' dir='ltr'><strong><em>Μεγακλέους.</em></strong></span> 
     </span>
    </p>

    <p class='ocr_par' dir='ltr' id='par_1_11' title="bbox 482 1329 1977 1393">
     <span class='ocr_line' id='line_1_18' title="bbox 482 1329 1977 1393; baseline -0.001 -18"><span class='ocrx_word' id='word_1_112' title='bbox 482 1330 647 1383; x_wconf 61' lang='grc' dir='ltr'><strong><em>ἔξεισιν</em></strong></span> <span class='ocrx_word' id='word_1_113' title='bbox 678 1329 795 1373; x_wconf 74' lang='grc' dir='ltr'><strong><em>ἄκων</em></strong></span> <span class='ocrx_word' id='word_1_114' title='bbox 826 1332 957 1386; x_wconf 78' lang='grc' dir='ltr'><strong><em>δεῦρο</em></strong></span> <span class='ocrx_word' id='word_1_115' title='bbox 988 1329 1198 1387; x_wconf 81' lang='grc' dir='ltr'><strong><em>πέρδικος</em></strong></span> <span class='ocrx_word' id='word_1_116' title='bbox 1226 1329 1411 1393; x_wconf 86' lang='grc' dir='ltr'><strong><em>τρόπον.</em></strong></span> <span class='ocrx_word' id='word_1_117' title='bbox 1593 1331 1793 1375; x_wconf 82' lang='lat' dir='ltr'><strong>Pherecr.</strong></span> <span class='ocrx_word' id='word_1_118' title='bbox 1816 1331 1868 1374; x_wconf 80' lang='lat' dir='ltr'><strong><em>fr.</em></strong></span> <span class='ocrx_word' id='word_1_119' title='bbox 1892 1329 1977 1373; x_wconf 84' lang='lat'><strong><em>150</em></strong></span> 
     </span>
    </p>

    <p class='ocr_par' dir='ltr' id='par_1_12' title="bbox 488 1410 1844 1470">
     <span class='ocr_line' id='line_1_19' title="bbox 488 1410 1844 1470; baseline -0.002 -11"><span class='ocrx_word' id='word_1_120' title='bbox 488 1415 561 1459; x_wconf 83' lang='grc' dir='ltr'><strong><em>ὃδὶ</em></strong></span> <span class='ocrx_word' id='word_1_121' title='bbox 592 1415 643 1458; x_wconf 77' lang='grc' dir='ltr'><strong><em>δὲ</em></strong></span> <span class='ocrx_word' id='word_1_122' title='bbox 673 1414 845 1463; x_wconf 84' lang='grc' dir='ltr'><strong><em>καύτὸς.</em></strong></span> <span class='ocrx_word' id='word_1_123' title='bbox 879 1412 974 1456; x_wconf 80' lang='grc' dir='ltr'><strong><em>ἀλλ’</em></strong></span> <span class='ocrx_word' id='word_1_124' title='bbox 1006 1410 1153 1469; x_wconf 74' lang='grc' dir='ltr'><strong><em>ἄνοιγε</em></strong></span> <span class='ocrx_word' id='word_1_125' title='bbox 1182 1413 1264 1469; x_wconf 85' lang='grc' dir='ltr'><strong><em>τὴν</em></strong></span> <span class='ocrx_word' id='word_1_126' title='bbox 1294 1413 1455 1470; x_wconf 77' lang='grc' dir='ltr'><strong><em>θύραν.</em></strong></span> <span class='ocrx_word' id='word_1_127' title='bbox 1591 1415 1697 1458; x_wconf 70' lang='lat' dir='ltr'><strong>Aah.</strong></span> <span class='ocrx_word' id='word_1_128' title='bbox 1732 1413 1844 1457; x_wconf 83' lang='lat'>1189</span> 
     </span>
    </p>

    <p class='ocr_par' dir='ltr' id='par_1_13' title="bbox 485 1479 1871 1542">
     <span class='ocr_line' id='line_1_20' title="bbox 485 1479 1871 1542; baseline -0.002 -12"><span class='ocrx_word' id='word_1_129' title='bbox 485 1486 559 1530; x_wconf 78' lang='grc' dir='ltr'><strong><em>ὁδὶ</em></strong></span> <span class='ocrx_word' id='word_1_130' title='bbox 587 1485 670 1542; x_wconf 81' lang='grc' dir='ltr'><strong><em>γὰρ</em></strong></span> <span class='ocrx_word' id='word_1_131' title='bbox 702 1485 815 1542; x_wconf 83' lang='grc' dir='ltr'><strong><em>άνήρ</em></strong></span> <span class='ocrx_word' id='word_1_132' title='bbox 846 1485 984 1538; x_wconf 79' lang='grc' dir='ltr'><strong><em>ἐστιν,</em></strong></span> <span class='ocrx_word' id='word_1_133' title='bbox 1018 1479 1065 1535; x_wconf 75' lang='grc' dir='ltr'><strong><em>ὅς</em></strong></span> <span class='ocrx_word' id='word_1_134' title='bbox 1091 1483 1139 1540; x_wconf 87' lang='grc' dir='ltr'><strong><em>μ’</em></strong></span> <span class='ocrx_word' id='word_1_135' title='bbox 1170 1484 1414 1528; x_wconf 80' lang='grc' dir='ltr'><strong><em>ἀπώλεσεν.</em></strong></span> <span class='ocrx_word' id='word_1_136' title='bbox 1594 1485 1724 1540; x_wconf 83' lang='lat' dir='ltr'><strong>Vesp.</strong></span> <span class='ocrx_word' id='word_1_137' title='bbox 1758 1484 1871 1528; x_wconf 83' lang='lat'>1389</span> 
     </span>
    </p>

    <p class='ocr_par' dir='ltr' id='par_1_14' title="bbox 488 1554 1823 1614">
     <span class='ocr_line' id='line_1_21' title="bbox 488 1554 1823 1614; baseline -0.001 -15"><span class='ocrx_word' id='word_1_138' title='bbox 488 1557 563 1601; x_wconf 78' lang='grc' dir='ltr'><strong><em>ὁδὶ</em></strong></span> <span class='ocrx_word' id='word_1_139' title='bbox 595 1556 645 1601; x_wconf 79' lang='grc' dir='ltr'><strong><em>δὲ</em></strong></span> <span class='ocrx_word' id='word_1_140' title='bbox 675 1554 837 1606; x_wconf 79' lang='grc' dir='ltr'><strong><em>καύτός</em></strong></span> <span class='ocrx_word' id='word_1_141' title='bbox 868 1555 1003 1599; x_wconf 80' lang='grc' dir='ltr'><strong><em>ἐστιν.</em></strong></span> <span class='ocrx_word' id='word_1_142' title='bbox 1036 1555 1151 1598; x_wconf 76' lang='grc' dir='ltr'><strong><em>ἀλλὰ</em></strong></span> <span class='ocrx_word' id='word_1_143' title='bbox 1181 1555 1265 1614; x_wconf 80' lang='grc' dir='ltr'><strong><em>χρὴ</em></strong></span> <span class='ocrx_word' id='word_1_144' title='bbox 1297 1559 1412 1606; x_wconf 72' lang='grc' dir='ltr'><strong><em>θεᾶς</em></strong></span> <span class='ocrx_word' id='word_1_145' title='bbox 1593 1556 1675 1601; x_wconf 84' lang='lat' dir='ltr'><strong><em>AV.</em></strong></span> <span class='ocrx_word' id='word_1_146' title='bbox 1709 1555 1823 1599; x_wconf 82' lang='lat'>1718</span> 
     </span>
    </p>

    <p class='ocr_par' dir='ltr' id='par_1_15' title="bbox 482 1626 1916 1684">
     <span class='ocr_line' id='line_1_22' title="bbox 482 1626 1916 1684; baseline -0.001 -14"><span class='ocrx_word' id='word_1_147' title='bbox 482 1628 555 1672; x_wconf 81' lang='grc' dir='ltr'><strong><em>ὁδὶ</em></strong></span> <span class='ocrx_word' id='word_1_148' title='bbox 585 1628 668 1684; x_wconf 83' lang='grc' dir='ltr'><strong><em>γὰρ</em></strong></span> <span class='ocrx_word' id='word_1_149' title='bbox 700 1627 834 1676; x_wconf 86' lang='grc' dir='ltr'><strong><em>αὐτός</em></strong></span> <span class='ocrx_word' id='word_1_150' title='bbox 865 1626 1010 1669; x_wconf 79' lang='grc' dir='ltr'><strong><em>ἐστιν·</em></strong></span> <span class='ocrx_word' id='word_1_151' title='bbox 1042 1627 1091 1669; x_wconf 85' lang='grc' dir='ltr'><strong><em>εἴ</em></strong></span> <span class='ocrx_word' id='word_1_152' title='bbox 1110 1643 1154 1669; x_wconf 89' lang='grc' dir='ltr'><strong><em>τι</em></strong></span> <span class='ocrx_word' id='word_1_153' title='bbox 1182 1627 1397 1684; x_wconf 83' lang='grc' dir='ltr'><strong><em>γρύξομαι</em></strong></span> <span class='ocrx_word' id='word_1_154' title='bbox 1428 1661 1438 1671; x_wconf 91' lang='grc'><strong><em>.</em></strong></span> <span class='ocrx_word' id='word_1_155' title='bbox 1460 1661 1469 1671; x_wconf 91' lang='grc'><strong><em>.</em></strong></span> <span class='ocrx_word' id='word_1_156' title='bbox 1493 1661 1502 1671; x_wconf 93' lang='grc'><strong><em>.</em></strong></span> <span class='ocrx_word' id='word_1_157' title='bbox 1592 1627 1744 1671; x_wconf 79' lang='lat' dir='ltr'><strong>Alcaei</strong></span> <span class='ocrx_word' id='word_1_158' title='bbox 1774 1627 1827 1670; x_wconf 87' lang='lat' dir='ltr'><strong><em>fr.</em></strong></span> <span class='ocrx_word' id='word_1_159' title='bbox 1860 1626 1916 1669; x_wconf 90' lang='grc'><strong><em>22</em></strong></span> 
     </span>
    </p>

    <p class='ocr_par' dir='ltr' id='par_1_16' title="bbox 482 1696 1840 1754">
     <span class='ocr_line' id='line_1_23' title="bbox 482 1696 1840 1754; baseline 0 -13"><span class='ocrx_word' id='word_1_160' title='bbox 482 1698 582 1742; x_wconf 84' lang='grc' dir='ltr'><strong><em>ἶδού</em></strong></span> <span class='ocrx_word' id='word_1_161' title='bbox 613 1698 813 1754; x_wconf 87' lang='grc' dir='ltr'><strong><em>πάρειμι.</em></strong></span> <span class='ocrx_word' id='word_1_162' title='bbox 843 1700 940 1752; x_wconf 77' lang='grc' dir='ltr'><strong><em>μῶν</em></strong></span> <span class='ocrx_word' id='word_1_163' title='bbox 970 1696 1275 1752; x_wconf 35' lang='grc' dir='ltr'><strong><em>ἐπισχεῖνύζσοι</em></strong></span> <span class='ocrx_word' id='word_1_164' title='bbox 1306 1699 1448 1749; x_wconf 61' lang='lat' dir='ltr'><strong><em>donatii,-</em></strong></span> <span class='ocrx_word' id='word_1_165' title='bbox 1591 1699 1693 1741; x_wconf 81' lang='lat' dir='ltr'><strong>Pac.</strong></span> <span class='ocrx_word' id='word_1_166' title='bbox 1726 1697 1840 1741; x_wconf 85' lang='grc'>1042</span> 
     </span>
    </p>

    <p class='ocr_par' dir='ltr' id='par_1_17' title="bbox 450 1770 1976 1908">
     <span class='ocr_line' id='line_1_24' title="bbox 481 1770 1976 1837; baseline 0.001 -12"><span class='ocrx_word' id='word_1_167' title='bbox 481 1781 580 1826; x_wconf 80' lang='grc' dir='ltr'><strong><em>ἰδού</em></strong></span> <span class='ocrx_word' id='word_1_168' title='bbox 610 1778 735 1832; x_wconf 81' lang='grc' dir='ltr'><strong><em>κύλιξ</em></strong></span> <span class='ocrx_word' id='word_1_169' title='bbox 767 1770 840 1825; x_wconf 87' lang='grc' dir='ltr'><strong><em>σοι</em></strong></span> <span class='ocrx_word' id='word_1_170' title='bbox 869 1781 944 1823; x_wconf 84' lang='grc' dir='ltr'><strong><em>καὶ</em></strong></span> <span class='ocrx_word' id='word_1_171' title='bbox 973 1780 1177 1837; x_wconf 84' lang='grc' dir='ltr'><strong><em>τράπεζα</em></strong></span> <span class='ocrx_word' id='word_1_172' title='bbox 1205 1781 1282 1823; x_wconf 75' lang='grc' dir='ltr'><strong><em>καὶ</em></strong></span> <span class='ocrx_word' id='word_1_173' title='bbox 1312 1784 1459 1837; x_wconf 82' lang='grc' dir='ltr'><strong><em>φακοί.</em></strong></span> <span class='ocrx_word' id='word_1_174' title='bbox 1590 1781 1791 1824; x_wconf 83' lang='lat' dir='ltr'><strong>Pherecr.</strong></span> <span class='ocrx_word' id='word_1_175' title='bbox 1803 1779 1856 1824; x_wconf 85' lang='lat' dir='ltr'><strong><em>fr.</em></strong></span> <span class='ocrx_word' id='word_1_176' title='bbox 1873 1775 1976 1833; x_wconf 81' lang='lat'>67‚3</span> 
     </span>
     <span class='ocr_line' id='line_1_25' title="bbox 450 1850 1822 1908; baseline -0.002 -12"><span class='ocrx_word' id='word_1_177' title='bbox 450 1854 538 1896; x_wconf 87' lang='grc' dir='ltr'><strong><em>*τὸ</em></strong></span> <span class='ocrx_word' id='word_1_178' title='bbox 567 1853 651 1908; x_wconf 79' lang='grc' dir='ltr'><strong><em>μὲν</em></strong></span> <span class='ocrx_word' id='word_1_179' title='bbox 682 1851 886 1908; x_wconf 87' lang='grc' dir='ltr'><strong><em>πόλισμα</em></strong></span> <span class='ocrx_word' id='word_1_180' title='bbox 914 1854 992 1908; x_wconf 88' lang='grc' dir='ltr'><strong><em>τῆς</em></strong></span> <span class='ocrx_word' id='word_1_181' title='bbox 1022 1850 1422 1907; x_wconf 79' lang='grc' dir='ltr'><strong><em>Νεφελοκοκκυγίας</em></strong></span> <span class='ocrx_word' id='word_1_182' title='bbox 1594 1852 1675 1896; x_wconf 86' lang='lat' dir='ltr'><strong><em>AV.</em></strong></span> <span class='ocrx_word' id='word_1_183' title='bbox 1707 1850 1822 1894; x_wconf 89' lang='grc'>1565</span> 
     </span>
    </p>
   </div>
   <div class='ocr_carea' id='block_1_9' title="bbox 448 1916 1799 2260">
    <p class='ocr_par' dir='ltr' id='par_1_18' title="bbox 484 1916 1401 1979">
     <span class='ocr_line' id='line_1_26' title="bbox 484 1916 1401 1979; baseline -0.002 -13"><span class='ocrx_word' id='word_1_184' title='bbox 484 1923 597 1979; x_wconf 80' lang='grc' dir='ltr'><strong><em>ὁρᾶν</em></strong></span> <span class='ocrx_word' id='word_1_185' title='bbox 624 1924 725 1966; x_wconf 87' lang='grc' dir='ltr'><strong><em>τοδὶ</em></strong></span> <span class='ocrx_word' id='word_1_186' title='bbox 757 1921 978 1979; x_wconf 87' lang='grc' dir='ltr'><strong><em>πάρεστιν</em></strong></span> <span class='ocrx_word' id='word_1_187' title='bbox 1010 1916 1060 1963; x_wconf 81' lang='grc' dir='ltr'><strong><em>οἴ</em></strong></span> <span class='ocrx_word' id='word_1_188' title='bbox 1083 1922 1401 1977; x_wconf 81' lang='grc' dir='ltr'><strong><em>πρεσβεύομεν.</em></strong></span> 
     </span>
    </p>

    <p class='ocr_par' dir='ltr' id='par_1_19' title="bbox 448 1990 1799 2260">
     <span class='ocr_line' id='line_1_27' title="bbox 448 1990 1798 2051; baseline -0.001 -15"><span class='ocrx_word' id='word_1_189' title='bbox 448 1993 566 2049; x_wconf 76' lang='grc' dir='ltr'><strong><em>*τὴν</em></strong></span> <span class='ocrx_word' id='word_1_190' title='bbox 596 1995 900 2047; x_wconf 72' lang='grc' dir='ltr'><strong><em>Σμικυθίωνος</em></strong></span> <span class='ocrx_word' id='word_1_191' title='bbox 932 1991 971 2034; x_wconf 79' lang='grc' dir='ltr'><strong><em>δ’</em></strong></span> <span class='ocrx_word' id='word_1_192' title='bbox 1005 1990 1084 2046; x_wconf 84' lang='grc' dir='ltr'><strong><em>οὐχ</em></strong></span> <span class='ocrx_word' id='word_1_193' title='bbox 1117 1990 1223 2048; x_wconf 78' lang='grc' dir='ltr'><strong><em>ὁρᾷς</em></strong></span> <span class='ocrx_word' id='word_1_194' title='bbox 1253 1991 1529 2051; x_wconf 81' lang='grc' dir='ltr'><strong><em>Μελιστίχην</em></strong></span> <span class='ocrx_word' id='word_1_195' title='bbox 1591 1993 1711 2048; x_wconf 82' lang='lat' dir='ltr'><strong>Eccl.</strong></span> <span class='ocrx_word' id='word_1_196' title='bbox 1743 1991 1798 2035; x_wconf 78' lang='lat'><strong><em>46</em></strong></span> 
     </span>
     <span class='ocr_line' id='line_1_28' title="bbox 482 2059 1591 2117; baseline 0 -10"><span class='ocrx_word' id='word_1_197' title='bbox 482 2064 770 2107; x_wconf 79' lang='grc' dir='ltr'><strong><em>σπεύδουσαν</em></strong></span> <span class='ocrx_word' id='word_1_198' title='bbox 791 2061 839 2104; x_wconf 79' lang='grc' dir='ltr'><strong><em>ἐν</em></strong></span> <span class='ocrx_word' id='word_1_199' title='bbox 858 2065 956 2111; x_wconf 80' lang='grc' dir='ltr'><strong><em>ταῖς</em></strong></span> <span class='ocrx_word' id='word_1_200' title='bbox 975 2059 1189 2116; x_wconf 60' lang='grc' dir='ltr'><strong><em>ἐμβάσης</em></strong></span> <span class='ocrx_word' id='word_1_201' title='bbox 1209 2065 1289 2104; x_wconf 85' lang='grc' dir='ltr'><strong><em>καί</em></strong></span> <span class='ocrx_word' id='word_1_202' title='bbox 1303 2078 1381 2117; x_wconf 90' lang='grc' dir='ltr'><strong><em>μοι</em></strong></span> <span class='ocrx_word' id='word_1_203' title='bbox 1402 2064 1545 2107; x_wconf 81' lang='grc' dir='ltr'><strong><em>δοκεῖ.</em></strong></span> <span class='ocrx_word' id='word_1_204' title='bbox 1559 2097 1568 2107; x_wconf 96' lang='grc'><strong><em>.</em></strong></span> <span class='ocrx_word' id='word_1_205' title='bbox 1581 2097 1591 2107; x_wconf 95' lang='grc'><strong><em>.</em></strong></span> 
     </span>
     <span class='ocr_line' id='line_1_29' title="bbox 480 2130 1799 2192; baseline 0 -15"><span class='ocrx_word' id='word_1_206' title='bbox 480 2134 563 2192; x_wconf 83' lang='grc' dir='ltr'><strong><em>τὴν</em></strong></span> <span class='ocrx_word' id='word_1_207' title='bbox 592 2135 673 2177; x_wconf 81' lang='grc' dir='ltr'><strong><em>τοῦ</em></strong></span> <span class='ocrx_word' id='word_1_208' title='bbox 703 2131 907 2190; x_wconf 77' lang='grc' dir='ltr'><strong><em>καπήλου</em></strong></span> <span class='ocrx_word' id='word_1_209' title='bbox 939 2131 978 2175; x_wconf 84' lang='grc' dir='ltr'><strong><em>δ’</em></strong></span> <span class='ocrx_word' id='word_1_210' title='bbox 1001 2131 1081 2187; x_wconf 80' lang='grc' dir='ltr'><strong><em>οὐχ</em></strong></span> <span class='ocrx_word' id='word_1_211' title='bbox 1113 2130 1221 2188; x_wconf 83' lang='grc' dir='ltr'><strong><em>ὅρᾶς</em></strong></span> <span class='ocrx_word' id='word_1_212' title='bbox 1241 2132 1577 2191; x_wconf 78' lang='grc' dir='ltr'><strong><em>Γευσιστράτην</em></strong></span> <span class='ocrx_word' id='word_1_213' title='bbox 1591 2133 1711 2177; x_wconf 86' lang='lat' dir='ltr'><strong>Eccl.</strong></span> <span class='ocrx_word' id='word_1_214' title='bbox 1742 2132 1799 2176; x_wconf 92' lang='grc'><strong><em>52</em></strong></span> 
     </span>
     <span class='ocr_line' id='line_1_30' title="bbox 483 2201 1389 2260; baseline -0.003 -13"><span class='ocrx_word' id='word_1_215' title='bbox 483 2204 675 2258; x_wconf 68' lang='grc' dir='ltr'><strong><em>’ἔχουσαν</em></strong></span> <span class='ocrx_word' id='word_1_216' title='bbox 707 2203 754 2245; x_wconf 79' lang='grc' dir='ltr'><strong><em>ἐν</em></strong></span> <span class='ocrx_word' id='word_1_217' title='bbox 784 2205 839 2260; x_wconf 86' lang='grc' dir='ltr'><strong><em>τῇ</em></strong></span> <span class='ocrx_word' id='word_1_218' title='bbox 870 2204 998 2259; x_wconf 78' lang='grc' dir='ltr'><strong><em>δεξιᾷ</em></strong></span> <span class='ocrx_word' id='word_1_219' title='bbox 1028 2201 1112 2259; x_wconf 88' lang='grc' dir='ltr'><strong><em>τὴν</em></strong></span> <span class='ocrx_word' id='word_1_220' title='bbox 1142 2202 1389 2257; x_wconf 71' lang='grc' dir='ltr'><strong><em>λαμπάδας</em></strong></span> 
     </span>
    </p>
   </div>
   <div class='ocr_carea' id='block_1_10' title="bbox 343 2269 627 2278">
    <p class='ocr_par' dir='ltr' id='par_1_20' title="bbox 343 2269 627 2278">
     <span class='ocr_line' id='line_1_31' title="bbox 343 2269 627 2278; baseline 0 0"><span class='ocrx_word' id='word_1_221' title='bbox 343 2269 627 2278; x_wconf 95' lang='lat' dir='ltr'><strong><em> </em></strong></span> 
     </span>
    </p>
   </div>
   <div class='ocr_carea' id='block_1_11' title="bbox 266 2297 1979 2990">
    <p class='ocr_par' dir='ltr' id='par_1_21' title="bbox 266 2297 1979 2564">
     <span class='ocr_line' id='line_1_32' title="bbox 410 2297 1979 2353; baseline -0.002 -10"><span class='ocrx_word' id='word_1_222' title='bbox 410 2300 463 2342; x_wconf 90' lang='lat' dir='ltr'><strong><em>In</em></strong></span> <span class='ocrx_word' id='word_1_223' title='bbox 494 2298 696 2343; x_wconf 86' lang='lat' dir='ltr'><strong>versibus</strong></span> <span class='ocrx_word' id='word_1_224' title='bbox 728 2310 836 2350; x_wconf 89' lang='lat' dir='ltr'><strong>quos</strong></span> <span class='ocrx_word' id='word_1_225' title='bbox 867 2297 1018 2340; x_wconf 79' lang='lat' dir='ltr'><strong>ultimo</strong></span> <span class='ocrx_word' id='word_1_226' title='bbox 1049 2298 1143 2341; x_wconf 89' lang='lat' dir='ltr'><strong>loco</strong></span> <span class='ocrx_word' id='word_1_227' title='bbox 1174 2297 1336 2353; x_wconf 78' lang='lat' dir='ltr'><strong>protuli</strong></span> <span class='ocrx_word' id='word_1_228' title='bbox 1365 2299 1498 2352; x_wconf 81' lang='lat' dir='ltr'><strong>poeta</strong></span> <span class='ocrx_word' id='word_1_229' title='bbox 1528 2297 1863 2352; x_wconf 82' lang='lat' dir='ltr'><strong>descriptionem</strong></span> <span class='ocrx_word' id='word_1_230' title='bbox 1883 2311 1979 2352; x_wconf 86' lang='lat' dir='ltr'><strong>per-</strong></span> 
     </span>
     <span class='ocr_line' id='line_1_33' title="bbox 268 2367 1978 2425; baseline 0 -12"><span class='ocrx_word' id='word_1_231' title='bbox 268 2382 495 2423; x_wconf 79' lang='lat' dir='ltr'><strong>sonarum,</strong></span> <span class='ocrx_word' id='word_1_232' title='bbox 538 2381 650 2423; x_wconf 81' lang='lat' dir='ltr'><strong>quae</strong></span> <span class='ocrx_word' id='word_1_233' title='bbox 690 2368 736 2411; x_wconf 87' lang='lat' dir='ltr'><strong><em>in</em></strong></span> <span class='ocrx_word' id='word_1_234' title='bbox 767 2380 973 2411; x_wconf 80' lang='lat' dir='ltr'><strong>scaenam</strong></span> <span class='ocrx_word' id='word_1_235' title='bbox 1012 2368 1249 2422; x_wconf 78' lang='lat' dir='ltr'><strong>prodeunt,</strong></span> <span class='ocrx_word' id='word_1_236' title='bbox 1289 2368 1451 2412; x_wconf 84' lang='lat' dir='ltr'><strong>iniecto</strong></span> <span class='ocrx_word' id='word_1_237' title='bbox 1480 2368 1555 2411; x_wconf 91' lang='lat' dir='ltr'><strong>illo</strong></span> <span class='ocrx_word' id='word_1_238' title='bbox 1588 2367 1666 2421; x_wconf 81' lang='grc' dir='ltr'><strong><em>οὐχ</em></strong></span> <span class='ocrx_word' id='word_1_239' title='bbox 1698 2367 1829 2425; x_wconf 81' lang='grc' dir='ltr'><strong><em>ὁρᾷς;</em></strong></span> <span class='ocrx_word' id='word_1_240' title='bbox 1869 2368 1978 2413; x_wconf 87' lang='lat' dir='ltr'><strong>vivi-</strong></span> 
     </span>
     <span class='ocr_line' id='line_1_34' title="bbox 266 2436 1979 2493; baseline -0.001 -9"><span class='ocrx_word' id='word_1_241' title='bbox 266 2439 430 2484; x_wconf 85' lang='lat' dir='ltr'><strong>diorem</strong></span> <span class='ocrx_word' id='word_1_242' title='bbox 471 2437 664 2484; x_wconf 81' lang='lat' dir='ltr'><strong>reddidit</strong></span> <span class='ocrx_word' id='word_1_243' title='bbox 694 2450 835 2493; x_wconf 88' lang='lat' dir='ltr'><strong>neque</strong></span> <span class='ocrx_word' id='word_1_244' title='bbox 864 2449 970 2483; x_wconf 86' lang='lat' dir='ltr'><strong>vero</strong></span> <span class='ocrx_word' id='word_1_245' title='bbox 1002 2439 1187 2483; x_wconf 82' lang='lat' dir='ltr'><strong>metrum</strong></span> <span class='ocrx_word' id='word_1_246' title='bbox 1218 2437 1394 2484; x_wconf 78' lang='lat' dir='ltr'><strong>delevit.</strong></span> <span class='ocrx_word' id='word_1_247' title='bbox 1455 2437 1621 2493; x_wconf 84' lang='lat' dir='ltr'><strong>Quibus</strong></span> <span class='ocrx_word' id='word_1_248' title='bbox 1651 2436 1861 2482; x_wconf 79' lang='lat' dir='ltr'><strong>trimetris</strong></span> <span class='ocrx_word' id='word_1_249' title='bbox 1892 2437 1979 2482; x_wconf 84' lang='lat' dir='ltr'><strong><em>iam</em></strong></span> 
     </span>
     <span class='ocr_line' id='line_1_35' title="bbox 267 2507 1787 2564; baseline -0.002 -11"><span class='ocrx_word' id='word_1_250' title='bbox 267 2510 324 2553; x_wconf 81' lang='lat' dir='ltr'><strong><em>ad</em></strong></span> <span class='ocrx_word' id='word_1_251' title='bbox 353 2510 477 2553; x_wconf 82' lang='lat' dir='ltr'><strong>‘aliud</strong></span> <span class='ocrx_word' id='word_1_252' title='bbox 509 2510 591 2553; x_wconf 85' lang='lat' dir='ltr'><strong><em>hoc</em></strong></span> <span class='ocrx_word' id='word_1_253' title='bbox 622 2508 916 2563; x_wconf 85' lang='lat' dir='ltr'><strong>exemplorum</strong></span> <span class='ocrx_word' id='word_1_254' title='bbox 946 2520 1085 2564; x_wconf 86' lang='lat' dir='ltr'><strong>genus</strong></span> <span class='ocrx_word' id='word_1_255' title='bbox 1116 2508 1403 2564; x_wconf 88' lang='lat' dir='ltr'><strong>perducimur,</strong></span> <span class='ocrx_word' id='word_1_256' title='bbox 1435 2507 1550 2562; x_wconf 87' lang='lat' dir='ltr'><strong>quod</strong></span> <span class='ocrx_word' id='word_1_257' title='bbox 1580 2507 1787 2561; x_wconf 77' lang='lat' dir='ltr'><strong>sequitur.</strong></span> 
     </span>
    </p>

    <p class='ocr_par' dir='ltr' id='par_1_22' title="bbox 480 2576 1847 2777">
     <span class='ocr_line' id='line_1_36' title="bbox 491 2576 1821 2640; baseline -0.001 -17"><span class='ocrx_word' id='word_1_258' title='bbox 491 2580 567 2625; x_wconf 80' lang='grc' dir='ltr'><strong><em>ὁδὶ</em></strong></span> <span class='ocrx_word' id='word_1_259' title='bbox 598 2579 650 2640; x_wconf 80' lang='grc' dir='ltr'><strong><em>δὲ</em></strong></span> <span class='ocrx_word' id='word_1_260' title='bbox 680 2583 748 2630; x_wconf 87' lang='grc' dir='ltr'><strong><em>τίς</em></strong></span> <span class='ocrx_word' id='word_1_261' title='bbox 776 2576 879 2623; x_wconf 77' lang='grc' dir='ltr'><strong><em>ποτ’</em></strong></span> <span class='ocrx_word' id='word_1_262' title='bbox 899 2577 1049 2633; x_wconf 72' lang='grc' dir='ltr'><strong><em>ἐστίνς</em></strong></span> <span class='ocrx_word' id='word_1_263' title='bbox 1081 2577 1311 2636; x_wconf 70' lang='grc' dir='ltr'><strong><em>ούὲδήπου</em></strong></span> <span class='ocrx_word' id='word_1_264' title='bbox 1329 2578 1566 2635; x_wconf 70' lang='grc' dir='ltr'><strong><em>Στράτωνς</em></strong></span> <span class='ocrx_word' id='word_1_265' title='bbox 1595 2578 1702 2623; x_wconf 74' lang='lat' dir='ltr'><strong>Aah.</strong></span> <span class='ocrx_word' id='word_1_266' title='bbox 1735 2576 1821 2623; x_wconf 88' lang='grc'><strong><em>122</em></strong></span> 
     </span>
     <span class='ocr_line' id='line_1_37' title="bbox 480 2646 1847 2709; baseline -0.001 -16"><span class='ocrx_word' id='word_1_267' title='bbox 480 2653 547 2700; x_wconf 88' lang='grc' dir='ltr'><strong><em>τίς</em></strong></span> <span class='ocrx_word' id='word_1_268' title='bbox 578 2649 739 2694; x_wconf 72' lang='grc' dir='ltr'><strong><em>οἱτοσί</em></strong></span> <span class='ocrx_word' id='word_1_269' title='bbox 764 2647 867 2692; x_wconf 80' lang='grc' dir='ltr'><strong><em>ποτ’</em></strong></span> <span class='ocrx_word' id='word_1_270' title='bbox 897 2646 1002 2692; x_wconf 76' lang='grc' dir='ltr'><strong><em>’ἐσθ’</em></strong></span> <span class='ocrx_word' id='word_1_271' title='bbox 1025 2649 1049 2692; x_wconf 83' lang='grc' dir='ltr'><em>ὃ</em></span> <span class='ocrx_word' id='word_1_272' title='bbox 1080 2652 1287 2709; x_wconf 74' lang='grc' dir='ltr'><strong><em>θρηνῶνς</em></strong></span> <span class='ocrx_word' id='word_1_273' title='bbox 1320 2647 1373 2692; x_wconf 75' lang='grc' dir='ltr'><strong><em>οὗ</em></strong></span> <span class='ocrx_word' id='word_1_274' title='bbox 1402 2652 1452 2692; x_wconf 90' lang='grc' dir='ltr'><strong><em>τί</em></strong></span> <span class='ocrx_word' id='word_1_275' title='bbox 1478 2663 1567 2691; x_wconf 88' lang='grc' dir='ltr'><strong><em>που</em></strong></span> <span class='ocrx_word' id='word_1_276' title='bbox 1589 2648 1698 2692; x_wconf 88' lang='lat' dir='ltr'><strong>Nub.</strong></span> <span class='ocrx_word' id='word_1_277' title='bbox 1733 2647 1847 2692; x_wconf 92' lang='grc'>1260</span> 
     </span>
     <span class='ocr_line' id='line_1_38' title="bbox 480 2720 1478 2777; baseline -0.001 -13"><span class='ocrx_word' id='word_1_278' title='bbox 480 2725 568 2765; x_wconf 80' lang='grc' dir='ltr'><strong><em>τῶν</em></strong></span> <span class='ocrx_word' id='word_1_279' title='bbox 596 2724 815 2776; x_wconf 79' lang='grc' dir='ltr'><strong><em>Καρκίνου</em></strong></span> <span class='ocrx_word' id='word_1_280' title='bbox 844 2737 910 2770; x_wconf 89' lang='grc' dir='ltr'><strong><em>τις</em></strong></span> <span class='ocrx_word' id='word_1_281' title='bbox 941 2721 1165 2775; x_wconf 88' lang='grc' dir='ltr'><strong><em>δαιμόνων</em></strong></span> <span class='ocrx_word' id='word_1_282' title='bbox 1196 2720 1453 2777; x_wconf 73' lang='grc' dir='ltr'><strong><em>ἐφθέγξατο</em></strong></span> <span class='ocrx_word' id='word_1_283' title='bbox 1460 2737 1478 2772; x_wconf 86' lang='grc'><strong><em>,·</em></strong></span> 
     </span>
    </p>

    <p class='ocr_par' dir='ltr' id='par_1_23' title="bbox 445 2789 1830 2990">
     <span class='ocr_line' id='line_1_39' title="bbox 445 2789 1830 2848; baseline 0 -14"><span class='ocrx_word' id='word_1_284' title='bbox 445 2789 546 2842; x_wconf 85' lang='grc' dir='ltr'><strong><em>*τίς</em></strong></span> <span class='ocrx_word' id='word_1_285' title='bbox 574 2789 721 2846; x_wconf 55' lang='lat' dir='ltr'><strong><em>{oum</em></strong></span> <span class='ocrx_word' id='word_1_286' title='bbox 753 2790 818 2835; x_wconf 76' lang='grc' dir='ltr'><strong><em>ού</em></strong></span> <span class='ocrx_word' id='word_1_287' title='bbox 837 2790 896 2848; x_wconf 83' lang='grc' dir='ltr'><strong><em>δή</em></strong></span> <span class='ocrx_word' id='word_1_288' title='bbox 928 2806 1019 2834; x_wconf 89' lang='grc' dir='ltr'><strong><em>που</em></strong></span> <span class='ocrx_word' id='word_1_289' title='bbox 1039 2790 1275 2848; x_wconf 76' lang='grc' dir='ltr'><strong><em>Βλέπυρός</em></strong></span> <span class='ocrx_word' id='word_1_290' title='bbox 1307 2790 1331 2833; x_wconf 82' lang='grc' dir='ltr'><strong><em>ὃ</em></strong></span> <span class='ocrx_word' id='word_1_291' title='bbox 1352 2792 1548 2846; x_wconf 77' lang='grc' dir='ltr'><strong><em>γειτνιῶν</em></strong></span> <span class='ocrx_word' id='word_1_292' title='bbox 1557 2806 1573 2846; x_wconf 90' lang='lat'><em>;</em></span> <span class='ocrx_word' id='word_1_293' title='bbox 1593 2791 1713 2835; x_wconf 88' lang='lat' dir='ltr'><strong>Eccl.</strong></span> <span class='ocrx_word' id='word_1_294' title='bbox 1744 2789 1830 2834; x_wconf 82' lang='lat'><strong><em>327</em></strong></span> 
     </span>
     <span class='ocr_line' id='line_1_40' title="bbox 479 2860 1487 2919; baseline -0.002 -13"><span class='ocrx_word' id='word_1_295' title='bbox 479 2862 532 2906; x_wconf 65' lang='grc' dir='ltr'><strong><em>νὶ</em></strong></span> <span class='ocrx_word' id='word_1_296' title='bbox 565 2862 646 2906; x_wconf 83' lang='grc' dir='ltr'><strong><em>τὸν</em></strong></span> <span class='ocrx_word' id='word_1_297' title='bbox 674 2860 750 2906; x_wconf 85' lang='grc' dir='ltr'><strong><em>Δί’</em></strong></span> <span class='ocrx_word' id='word_1_298' title='bbox 782 2861 916 2911; x_wconf 79' lang='grc' dir='ltr'><strong><em>αὐτὸς</em></strong></span> <span class='ocrx_word' id='word_1_299' title='bbox 947 2860 1044 2919; x_wconf 75' lang='grc' dir='ltr'><strong><em>δῆτ’</em></strong></span> <span class='ocrx_word' id='word_1_300' title='bbox 1076 2860 1250 2912; x_wconf 79' lang='grc' dir='ltr'><strong><em>ἐκεῖνος.</em></strong></span> <span class='ocrx_word' id='word_1_301' title='bbox 1282 2860 1381 2905; x_wconf 73' lang='grc' dir='ltr'><strong><em>εἶπέ</em></strong></span> <span class='ocrx_word' id='word_1_302' title='bbox 1408 2876 1487 2917; x_wconf 88' lang='grc' dir='ltr'><strong><em>μοι</em></strong></span> 
     </span>
     <span class='ocr_line' id='line_1_41' title="bbox 479 2931 1516 2990; baseline 0.001 -13"><span class='ocrx_word' id='word_1_303' title='bbox 479 2936 530 2977; x_wconf 79' lang='grc' dir='ltr'><strong><em>τί</em></strong></span> <span class='ocrx_word' id='word_1_304' title='bbox 554 2932 687 2976; x_wconf 85' lang='grc' dir='ltr'><strong><em>τουτό</em></strong></span> <span class='ocrx_word' id='word_1_305' title='bbox 719 2944 793 2976; x_wconf 88' lang='grc' dir='ltr'><strong><em>σοι</em></strong></span> <span class='ocrx_word' id='word_1_306' title='bbox 822 2931 874 2975; x_wconf 88' lang='grc' dir='ltr'><strong><em>τὸ</em></strong></span> <span class='ocrx_word' id='word_1_307' title='bbox 907 2931 1076 2990; x_wconf 83' lang='grc' dir='ltr'><strong><em>πυρρόν</em></strong></span> <span class='ocrx_word' id='word_1_308' title='bbox 1107 2932 1254 2989; x_wconf 59' lang='lat' dir='ltr'><strong><em>&amp;oum</em></strong></span> <span class='ocrx_word' id='word_1_309' title='bbox 1282 2967 1332 2975; x_wconf 77' lang='grc'>-</span> <span class='ocrx_word' id='word_1_310' title='bbox 1359 2949 1397 2978; x_wconf 82' lang='grc' dir='ltr'><strong><em>κ.</em></strong></span> <span class='ocrx_word' id='word_1_311' title='bbox 1420 2947 1458 2978; x_wconf 92' lang='grc' dir='ltr'><strong><em>τ.</em></strong></span> <span class='ocrx_word' id='word_1_312' title='bbox 1478 2931 1516 2979; x_wconf 89' lang='grc' dir='ltr'><strong><em>λ.</em></strong></span> 
     </span>
    </p>
   </div>
  </div>
 </body>
</html>
