2053 3404
934 230 1224 275 ...42-

320 385 471 448 eaput
502 385 786 436 secundum.
822 382 889 434 De
920 383 1148 435 trimetris
1180 397 1304 448 quae
1334 384 1382 435 in
1414 396 1593 465 scaena
1622 384 1848 449 gerantur

903 456 1267 517 explicantibus.

367 615 492 657 Inter
511 613 859 658 Acharnensium
889 625 1044 657 versus
1077 625 1211 668 supra
1240 612 1315 671 (cf.
1335 603 1474 669 praef.
1497 613 1522 671 ξ
1543 611 1592 671 2)
1623 612 1748 657 nobis
1778 625 1934 656 memo-

226 686 388 731 rabiles
429 685 515 731 visi
552 687 655 730 sunt
684 698 756 730 vv.
788 683 875 728 744
892 697 950 729 ss.
963 719 973 739 ,
1015 684 1171 739 quibus
1212 685 1513 741 pauperrimus
1552 685 1628 730 ille
1658 683 1933 740 Megarensis

225 758 350 800 homo
383 770 480 801 cum
509 756 610 800 filiis
640 759 734 800 tum
765 755 1090 811 spectatoribus
1130 756 1323 812 explicat
1358 756 1592 801 mutandas
1628 756 1728 800 illas
1759 767 1858 799 esse
1887 754 1934 799 in

224 829 389 883 figuras
430 829 715 882 porculorum.
787 828 1006 883 Quattuor
1045 828 1122 872 isti
1161 840 1318 874 versus
1359 824 1645 872 solutionibus
1687 829 1934 872 caruerunt.

225 899 323 954 Qua
361 911 467 943 vero
509 898 563 942 de
604 911 739 942 causa
777 897 970 942 rusticus
1010 898 1086 942 ille
1126 899 1251 942 homo
1298 900 1390 942 tam
1430 897 1633 953 expolitis
1679 897 1817 941 utitur
1855 897 1932 940 tri-

225 970 375 1013 metris
388 970 409 1013 P
499 971 640 1013 Poeta
699 970 815 1013 hanc
874 965 1273 1024 metamorphoseos
1335 969 1540 1013 insolitae
1600 968 1934 1023 explicationem

225 1041 379 1085 altiore
422 1054 528 1084 sono
569 1040 748 1086 recitari
789 1040 929 1085 voluit
971 1040 1225 1095 adiuvitque
1266 1040 1524 1086 recitantem
1564 1039 1768 1102 graviore
1805 1039 1933 1083 metri

224 1125 412 1156 incessu.
1695 1130 1704 1135 ι

367 1182 521 1227 Obiter
562 1196 696 1238 supra
735 1183 763 1226 l.
794 1183 822 1227 l.
853 1182 979 1229 nobis
1020 1182 1333 1237 quaerentibus
1372 1182 1417 1227 in
1449 1181 1794 1226 Acharnensium
1834 1181 1933 1237 ipsa

224 1254 377 1298 fabula
408 1254 567 1299 similia
597 1256 891 1309 occurrerunt.
951 1244 1516 1310 Dicaeopolis'Amphitbeo
1548 1266 1659 1307 quae
1690 1253 1730 1297 ei
1761 1253 1933 1308 agenda

224 1326 315 1369 sint
356 1326 559 1380 explicat.
629 1325 857 1370 'Primetris
897 1325 992 1370 fere
1031 1325 1304 1371 indissolutis
1344 1325 1483 1369 utitur
1527 1323 1602 1382 (cf.
1633 1338 1704 1370 vv.
1736 1323 1822 1367 130
1853 1323 1931 1377 ss)

226 1398 357 1449 atque
388 1396 454 1439 ita
485 1395 756 1450 auditoribus
786 1395 925 1451 ipsius
956 1395 1135 1442 fabulae
1167 1395 1413 1451 argumenti
1442 1398 1613 1449 partem
1635 1395 1931 1441 communicat.

222 1467 511 1522 Amphitheus
554 1479 602 1511 se
644 1466 944 1522 aufugiturum
984 1479 1083 1511 esse
1124 1466 1293 1511 fatetur
1331 1479 1463 1511 versu
1493 1465 1752 1511 indissoluto
1792 1464 1932 1523 (203).

221 1537 481 1580 Nicarchum
538 1537 713 1591 prodire
763 1537 1040 1591 Dicaeopolis
1097 1549 1230 1581 versu
1280 1536 1539 1580 indissoluto
1590 1539 1743 1580 narrat
1793 1534 1931 1593 (904).

220 1607 386 1651 Eodem
432 1607 556 1651 modo
609 1607 765 1651 chorus
817 1607 1015 1651 nuntium
1067 1607 1435 1663 appropinquare,
1486 1607 1696 1651 Lamachi
1742 1598 1930 1651 famulus

221 1677 438 1721 dominum
468 1677 644 1721 iamiam
675 1677 900 1732 apportari
931 1680 1206 1732 spectatores
1249 1677 1377 1721 docet
1416 1677 1617 1722 versibus
1658 1676 1929 1721 indissolutis

221 1747 356 1805 (1069
379 1746 606 1805 s.,1189).

362 1820 493 1864 'Pales
534 1832 690 1864 versus
731 1820 935 1875 graviore
975 1820 1166 1875 pondere
1206 1819 1385 1864 recitari
1424 1832 1497 1865 res
1537 1820 1636 1875 ipsa
1675 1820 1929 1875 postulabat

220 1903 301 1933 nec
351 1889 521 1946 indigni
572 1892 697 1945 sunt,
755 1890 828 1944 qui
880 1890 1077 1935 adhibita
1126 1891 1437 1946 exemplorum
1473 1891 1603 1946 larga
1653 1891 1928 1935 multitudine

221 1961 470 2005 accuratius
502 1973 530 2004 a
561 1961 686 2004 nobis
719 1961 1061 2005 considerentur.

361 2174 581 2228 Suspenso
614 2177 734 2218 certe
766 2174 909 2218 animo
941 2177 1216 2230 spectatores
1248 2176 1421 2219 chorum
1455 2177 1785 2231 exspectabant,
1827 2176 1929 2230 quia

217 2247 445 2300 poetarum
476 2244 699 2301 ingenium
729 2245 776 2289 in
806 2246 889 2303 hac
919 2258 968 2290 re
991 2246 1232 2302 praecipue
1263 2246 1519 2301 elaboraVit,
1560 2248 1609 2291 ut
1638 2258 1779 2291 novas
1810 2247 1929 2291 chori

216 2316 381 2360 formas
401 2315 671 2360 inducerent.
676 2314 711 2376 1)
746 2301 884 2375 Quod
904 2316 1075 2374 quidem
1096 2316 1259 2361 attinet
1279 2317 1337 2361 ad
1355 2304 1705 2374 Aristophanem,
1731 2317 1928 2362 videmus

217 2399 314 2430 eum
343 2386 390 2430 in
421 2385 613 2431 fabulae·
630 2386 709 2430 illa
739 2389 881 2444 parte,
913 2398 1024 2441 quae
1057 2376 1176 2431 chori
1206 2387 1415 2451 paredum
1444 2388 1681 2444 praecedit,
1712 2387 1765 2433 de
1797 2389 1927 2433 choro

215 2470 385 2511 quoque
427 2457 570 2511 qualis
611 2456 671 2501 sit
705 2457 939 2511 loquentes
981 2457 1130 2502 facere
1170 2460 1405 2513 personas,
1445 2458 1549 2502 nisi·
1572 2458 1707 2513 qnod,
1749 2459 1787 2502 si
1828 2460 1927 2503 cho-

214 2530 369 2572 reutae
414 2527 584 2573 vultum
630 2526 917 2573 cottidianum
961 2541 1050 2573 non
1095 2529 1316 2574 exuebant
1360 2541 1502 2585 neque
1546 2531 1596 2574 ut
1642 2528 1696 2573 de
1738 2529 1927 2574 Archar-

213 2597 437 2652 nensibus,
468 2597 543 2652 qui
573 2600 737 2652 essent,
767 2599 1034 2644 narrandum
1064 2601 1174 2653 erat,
1204 2600 1337 2654 poeta
1366 2599 1574 2645 videlicet
1603 2600 1658 2644 de
1688 2600 1819 2645 choro
1839 2613 1927 2646 non

211 2668 351 2713 multa
392 2669 531 2714 verba
576 2667 708 2723 facit,
754 2667 801 2712 id
841 2670 955 2723 quod
999 2669 1045 2714 in
1085 2670 1190 2726 Lys.
1232 2670 1404 2715 Thesm.
1445 2671 1565 2716 Eccl.
1604 2670 1724 2721 Pluti
1764 2670 1926 2718 fabulis

213 2740 441 2784 observari
476 2742 636 2795 potest.
697 2740 769 2783 Ex
810 2740 966 2794 quibus
1008 2754 1103 2784 cum
1133 2741 1227 2785 fere
1259 2742 1430 2785 omnino
1471 2755 1560 2786 non
1600 2742 1660 2786 sit
1701 2742 1814 2796 quod
1855 2742 1926 2785 hic
1972 2742 1975 2745 ’

211 2810 352 2866 possit
383 2810 548 2865 afferri,
590 2823 641 2855 eo
673 2810 815 2867 magis
846 2823 1003 2856 versus
1036 2812 1315 2857 considerare
1345 2812 1544 2867 interest,
1582 2812 1655 2868 qui
1684 2812 1730 2856 in
1761 2811 1924 2857 fabulis

355 2927 393 2973 1)
417 2927 462 2967 of.
487 2928 579 2974 nqm
605 2929 677 2966 520
694 2938 743 2967 ss.
