2053 3404
892 478 1135 595 Vita.

300 646 517 691 Ricardus
558 645 726 689 Klauer
768 647 900 689 natus
946 657 1039 688 sum
1086 644 1342 688 Offenbaehi
1386 644 1433 687 in
1479 644 1633 699 oppido
1674 646 1862 690 Hassiae

162 731 200 762 a.
231 718 271 761 d.
300 717 415 760 XIII
453 716 554 759 Kal.
584 716 715 760 Mart.
755 728 794 760 a.
824 714 1257 759 MDCCOLXXXIII
1300 717 1428 770 patre
1471 714 1680 771 Georgio‚
1725 720 1863 760 matre

161 786 364 831 (ξω-011116.
405 799 429 830 6
469 789 603 841 gente
642 786 946 839 Hadermann,
993 785 1148 839 quibus
1194 786 1336 830 adhue
1381 785 1689 840 superstitibus
1735 786 1863 830 valde

158 857 341 914 gaudeo.
393 857 521 901 Fidei
551 857 751 901 addictus
782 870 878 901 sum
908 856 1203 912 evangelicae.
1263 856 1531 901 Litterarum
1564 856 1790 901 elementis
1818 857 1864 901 in

161 927 282 971 urbis
322 927 494 982 patriae
534 927 636 970 ludo
676 927 867 971 imbutus
908 927 1182 982 gymnasium
1222 926 1540 971 Offenbaoense
1585 939 1664 981 per
1709 939 1863 971 novem

160 1010 299 1042 annos
319 997 610 1051 frequentavi,
642 998 881 1057 quodstuno
902 997 1171 1051 SohaedeliO,
1201 1000 1357 1052 postea
1377 997 1602 1042 Hensellio
1623 997 1865 1042 rectoribus

159 1067 316 1112 floruit.
385 1068 454 1111 Ibi
483 1068 691 1123 imprimis
721 1068 900 1111 Ioannis
930 1067 1107 1111 Faethii
1136 1066 1171 1125 †
1216 1070 1262 1111 et
1293 1067 1496 1112 Guilelmi
1526 1068 1689 1112 Heraei
1728 1068 1863 1122 philo-

157 1140 353 1194 logorum
383 1139 614 1194 disciplina
642 1152 748 1183 usus
779 1152 885 1183 sum.
1282 1171 1284 1173 -

300 1210 413 1255 Vere
446 1210 549 1255 anni
579 1209 731 1254 MGMI
761 1209 1029 1254 maturitatis
1059 1209 1308 1254 testimonio
1339 1209 1581 1254 instructus
1614 1211 1670 1254 ad
1700 1223 1863 1255 merca-

159 1285 303 1324 turam
333 1294 400 1324 me
433 1281 646 1334 converti,
685 1281 807 1324 euius
836 1280 1173 1324 Franoofurtiae
1215 1282 1270 1323 ad
1301 1282 1503 1324 Moenum
1533 1282 1576 1323 in
1611 1282 1864 1336 argentaria

163 1351 411 1396 ›Deutsohe
442 1351 597 1396 Bank«
642 1363 753 1405 quae
783 1350 1033 1395 nominatur
1067 1364 1146 1406 per
1175 1353 1266 1395 tres
1298 1363 1470 1396 menses
1502 1351 1758 1396 administer
1788 1351 1864 1396 fui.

157 1422 364 1466 Eiusdem
395 1425 540 1465 autem
582 1422 685 1464 anni
714 1422 854 1465 hieme
895 1422 953 1464 ad
983 1422 1130 1465 studia
1164 1422 1411 1465 litterarum
1451 1435 1518 1465 me
1548 1422 1701 1465 rettuli
1731 1425 1864 1475 atque

160 1493 316 1538 almam
346 1492 688 1538 Universitatem
720 1492 1079 1548 Marpurgensem
1111 1492 1220 1546 adii,
1261 1492 1383 1537 cuius
1426 1493 1568 1538 adhue
1608 1493 1718 1538 civis
1755 1506 1862 1538 sum.

298 1564 551 1606 Doouerunt
599 1576 667 1606 me
716 1563 801 1606 viri
851 1563 1090 1610 doctissimi
1139 1563 1238 1605 Birt
1288 1564 1434 1606 Cohen
1483 1564 1663 1606 Diemar
1712 1565 1864 1607 Elster

161 1635 336 1691 Glagau
380 1634 534 1679 Haller
577 1634 745 1680 Jenner
787 1634 955 1679 Jensen
1000 1633 1269 1679 Kalbfleiseh
1314 1634 1466 1680 Maass
1513 1635 1680 1691 Natorp
1730 1635 1862 1681 Niese

156 1719 243 1750 von
284 1706 361 1749 der
396 1702 528 1760 Ropp
573 1705 814 1748 Schroeder
853 1705 917 1747 'de
959 1704 1092 1759 Sybel
1143 1705 1294 1747 Thiele
1345 1706 1516 1748 Thumb
1562 1707 1862 1761 Varrentrapp

154 1776 271 1832 Vogt
300 1776 512 1827 Wentzel.

294 1847 347 1890 In
389 1846 701 1902 proseminario
742 1845 959 1901 philologo
997 1846 1303 1901 Marpurgensi
1343 1846 1422 1901 per
1461 1834 1531 1889 ter
1571 1859 1649 1890 sex
1689 1860 1861 1890 menses

156 1918 386 1973 disdiplina
412 1931 517 1962 usus
539 1931 634 1962 sum
654 1917 785 1961 Birtii
804 1917 988 1962 Maassii
1007 1917 1244 1962 Wentzelii
1274 1930 1355 1962 1166
1386 1931 1473 1962 11011
1495 1917 1675 1974 Georgii
1694 1919 1862 1970 Thielii,

157 1989 230 2045 qui
275 1989 438 2045 primus
485 1988 673 2033 animum
717 1985 857 2033 meum
904 1987 961 2031 ad
1005 1988 1344 2043 Aristophanem
1390 1988 1561 2032 direxit.
1632 1988 1862 2033 Seminarii

154 2061 362 2117 philologi
391 2074 470 2115 per
499 2073 579 2104 sex
607 2072 780 2104 menses
811 2059 987 2111 sodalis,
1027 2073 1106 2114 per
1135 2073 1215 2103 sex
1244 2073 1417 2104 menses
1450 2060 1596 2104 senior
1625 2060 1691 2104 fui
1719 2061 1860 2105 Birtio

157 2134 202 2177 et
232 2131 424 2177 Maassio
455 2130 722 2188 regentibus.
784 2130 1023 2175 Seminario
1054 2130 1261 2175 historico
1291 2144 1371 2187 per
1402 2143 1480 2176 sex
1509 2143 1682 2176 menses
1712 2131 1860 2177 Niesio

121 2212 122 2216 ’
154 2206 346 2255 rectore,
387 2202 619 2247 seminario
660 2201 954 2255 philosophico
985 2214 1065 2255 per
1092 2202 1205 2245 idem
1237 2205 1408 2256 tempus
1438 2203 1648 2257 Natorpio
1689 2206 1859 2247 rectore

150 2272 343 2319 interfui.
405 2271 804 2317 Exercitationibus
845 2271 1076 2328 philologis
1118 2272 1304 2329 benigne
1345 2286 1414 2317 me
1454 2273 1722 2318 admiserunt
1762 2274 1859 2318 Birt

152 2344 420 2389 Kalbfleisoh
451 2344 630 2391 Thumb.

294 2414 461 2472 Quibus
487 2413 594 2459 viris
615 2412 811 2457 omnibus
841 2413 1013 2469 gratias
1044 2426 1159 2458 1111116
1189 2415 1328 2459 habeo
1361 2414 1574 2459 maximas
1606 2428 1858 2470 semperque

103 2507 107 2509 -
152 2488 339 2540 habeb0‚
382 2489 485 2530 ante
516 2497 663 2529 omnes
692 2497 797 2529 vero
828 2485 1055 2528 Theodoro
1085 2485 1205 2538 Birt,
1247 2486 1316 2529 6111
1346 2487 1530 2529 multum
1561 2487 1718 2540 debeo,
1759 2488 1857 2542 plus

153 2572 282 2613 quam
312 2559 394 2602 1106
422 2558 518 2602 1060
550 2556 770 2601 affirmare
800 2568 997 2611 possum,
1037 2555 1232 2611 inprimis
1263 2569 1367 2602 vero
1404 2556 1533 2611 illud,
1576 2561 1623 2602 ut
1656 2558 1714 2602 ad
1744 2559 1857 2603 hanc

151 2629 377 2674 materiem
406 2628 682 2673 tractandam
722 2639 790 2671 me
820 2627 1077 2682 invitaverit
1118 2631 1164 2671 et
1193 2628 1238 2672 in
1269 2629 1508 2672 tractanda
1545 2629 1858 2684 benignissime

153 2701 381 2747 adiuverit.
