2053 3404
920 254 1213 299 -20-

344 386 399 429 cf.
431 389 480 427 τί
496 385 536 428 δ’
558 382 681 428 ’ἐστιν
712 381 745 426 ὦ
765 387 876 436 παῖς
908 386 1055 427 παῖδα
1082 385 1182 442 γάρ,
1213 383 1297 428 κᾶν
1318 381 1348 442 ἦ
1367 386 1503 441 γέρων
1534 388 1665 442 Vesp.
1698 386 1813 430 1297

427 455 578 498 καλεῖν
608 457 779 497 δίκαιον
809 449 931 503 ὅστις
961 451 1018 497 ἂν
1049 454 1219 513 πληγὰς
1249 455 1380 514 λάβῃ.

429 529 478 567 τί
495 523 565 567 δ”
555 523 676 567 ἐστιν
697 540 730 565 ω
750 526 861 576 παῖς
892 527 1039 568 παῖδα
1057 525 1141 581 γάρ
1163 525 1203 567 σ’
1219 524 1334 593 εἶκᾷς
1353 527 1504 570 καλεῖν
1528 529 1700 572 Thesm.
1731 527 1818 571 582

427 591 508 644 ἕως
540 592 597 636 ἄν
627 589 761 643 οὕτως
791 594 872 643 τὰς
900 595 1099 649 γνάθους
1129 594 1310 652 ψιλάς’
1300 594 1412 653 ἑχῃς.

427 663 607 708 α’νασσα
637 665 831 721 πράγους
860 666 995 710 τοῦδε
1023 666 1093 708 καὶ
1123 665 1425 722 βουλεύματος
1532 669 1637 724 Lys.
1669 667 1754 712 706

427 738 476 777 τί
500 749 577 789 μοι
608 735 876 791 σκυθρωπὸς
906 734 1180 792 ἐξελήλυθας
1211 736 1436 794 δόμων;1)

212 819 491 874 Lysistratae
522 818 730 872 trimetri,
772 832 880 872 quos
910 819 1061 863 ultimo
1102 820 1197 863 loco
1230 821 1372 874 attuli,
1412 821 1458 865 in
1488 822 1612 865 initio
1653 822 1785 877 positi
1816 826 1942 880 sunt*

212 901 376 943 parvae
408 901 596 933 scaenae
615 889 838 946 =tragicae,
870 902 981 943 quae
1011 890 1155 934 tendit
1182 903 1209 933 a
1234 902 1367 934 versu
1388 889 1474 934 706
1506 904 1643 945 usque
1668 892 1727 935 ad
1745 904 1919 936 versum

213 958 311 1002 715.
372 960 538 1003 Versus
569 962 673 1003 sunt
704 959 753 1003 8:
784 959 935 1003 indiss‚
957 958 996 1013 6,
1027 962 1140 1015 trag.
1162 959 1201 1003 2.
1258 960 1415 1004 Omnia
1445 974 1550 1005 vero
1581 961 1692 1005 haec
1722 963 1919 1017 exempla

210 1029 432 1074 trimetros
465 1029 691 1074 continent
719 1029 1003 1074 indissolutos
1046 1032 1177 1084 atque
1215 1030 1404 1075 directos
1434 1032 1503 1092 ‚ad
1531 1044 1765 1086 personas,
1807 1044 1918 1087 quae

211 1113 389 1144 munere
434 1100 682 1145 nuntiorum
728 1100 983 1156 iunguntur.
1056 1101 1228 1145 Summo
1274 1102 1411 1158 igitur
1449 1102 1542 1145 iure
1582 1103 1668 1146 iam
1707 1103 1754 1146 in
1792 1116 1919 1158 para-

210 1172 378 1227 grapho
411 1171 700 1216 antecedente
731 1184 785 1216 ea
817 1171 951 1216 affere
981 1171 1238 1227 potuissem,
1279 1185 1380 1216 nam
1411 1173 1562 1217 eadem
1591 1173 1710 1217 inest
1738 1174 1920 1228 parodia

211 1254 426 1296 personae
456 1241 668 1297 tragicae,
702 1242 756 1286 de
787 1255 875 1296 qua
904 1239 1039 1297 Supra
1069 1243 1249 1298 egimus.

964 1368 1172 1430 Equites.

354 1468 425 1499 vv.
457 1453 705 1498 611—614.
766 1454 895 1498 Ghori
926 1454 1014 1498 dux
1043 1454 1306 1499 botularium
1337 1469 1391 1499 ex
1423 1456 1623 1501 contione
1654 1458 1918 1511 redeuntem,

211 1525 432 1570 sordidum
472 1525 591 1569 illum
604 1560 614 1579 ,
656 1525 729 1579 qui
759 1526 896 1570 verba
926 1525 981 1569 de
1012 1524 1107 1569 foro
1138 1524 1315 1581 arripit,
1357 1538 1555 1571 sermone
1592 1527 1917 1584 elegantissimo

211 1597 391 1641 salutat.
442 1596 664 1651 Quattuor
693 1599 797 1639 sunt
827 1608 984 1640 versus
1003 1596 1264 1641 indissoluti.
1314 1597 1427 1640 Num
1447 1598 1557 1641 haec
1587 1600 1637 1641 ut
1655 1598 1920 1643 Zielinskius

208 1669 384 1722 poetam
430 1680 484 1711 ea
524 1667 579 1711 de
620 1679 757 1710 causa
800 1667 866 1710 ita
911 1666 1204 1722 composuisse
1249 1668 1402 1721 putas,
1449 1667 1552 1721 quia
1597 1669 1717 1712 chori
1761 1682 1915 1714 versus

209 1750 382 1792 semper
419 1737 614 1793 tragicos
658 1762 712 1768 —
754 1739 804 1780 ut
833 1736 1062 1782 Zielinskii
1101 1739 1203 1781 utar
1244 1737 1563 1793 significatione
1596 1764 1651 1769 -
1693 1752 1791 1784 esse
1832 1738 1917 1784 sibi

208 1808 577 1864 praescripserit?
637 1808 927 1864 Inspiciamus
964 1808 1142 1853 fabulae
1183 1809 1416 1853 exordium.
1476 1810 1730 1892 Botularius
1760 1810 1916 1866 prodit,

209 1893 348 1925 verna
378 1893 475 1924 eum
504 1880 627 1924 iubet

373 1948 506 2005 **ἅγε
537 1949 592 2006 δὴ
627 1949 682 1992 συ
703 1950 912 1991 κατάθου
942 1952 1099 2005 πρῶτα
1125 1949 1183 1991 τοὶ
1205 1949 1339 2011 σκεύη
1361 1953 1506 2005 χαμαί
1534 1949 1618 1994 155

210 2036 376 2079 Versus
419 2033 607 2078 comicus
648 2036 739 2087 est,
785 2046 900 2077 nunc
939 2045 1043 2078 vero
1084 2046 1223 2078 verna
1263 2046 1493 2089 personam
1524 2032 1737 2089 tragicam
1776 2033 1918 2077 induit

208 2105 438 2161 pergitque

425 2171 584 2218 ἔπειτα
614 2173 695 2231 τὴν
724 2176 804 2232 γῆν
835 2174 1093 2230 πρόσκυσον
1121 2174 1196 2217 καὶ
1226 2172 1329 2225 τοὺς
1352 2173 1503 2224 θεοὺς.
1535 2172 1620 2218 156

211 2250 342 2301 atque
382 2259 499 2291 nunc
539 2246 836 2301 stupefactum
873 2245 1156 2299 botularium,
1199 2246 1271 2299 qui
1312 2245 1461 2289 timide
1503 2246 1544 2289 ei
1580 2245 1833 2299 obsequitur
1873 2248 1919 2289 et

210 2331 285 2362 ore
327 2318 479 2362 adstat
520 2318 673 2372 aperto
714 2329 854 2370 neque
899 2315 1140 2373 intellegit,
1186 2316 1288 2371 quid
1321 2316 1405 2361 sibi
1445 2316 1554 2361 velit
1594 2315 1919 2372 magnificentia

209 2390 454 2442 verborum,
486 2387 706 2442 exquisita
736 2387 982 2431 subtilitate
1012 2386 1224 2433 sermonis
1255 2388 1443 2432 salutat:

395 2473 419 2498 *
855 2464 889 2511 ὦ
917 2468 1097 2526 μακάρι’
1127 2461 1161 2512 ὦ
1193 2469 1382 2514 πλούσιε
1537 2468 1621 2513 157

426 2533 460 2583 ὦ
491 2542 571 2583 νῦν
600 2539 683 2596 μὲν
715 2539 859 2590 οὐδεὶς
890 2537 1045 2598 αὔριον
1075 2539 1115 2583 δ’
1136 2539 1387 2599 ὑπέρμεγας

426 2604 460 2653 ὦ
491 2614 580 2653 τῶν
605 2610 822 2668 Ἀθηνέων
851 2610 955 2666 ταγὲ
986 2613 1075 2653 τῶν
1104 2610 1391 2667 εὐδαιμόνων.

209 2685 363 2728 Nonne
394 2696 466 2727 res
498 2683 651 2727 eadem
682 2681 784 2727 est?
845 2681 1092 2738 Tragoedia
1122 2682 1270 2739 agitur
1298 2681 1344 2725 in
1374 2682 1515 2739 nugis.

355 2826 392 2870 1)
425 2817 715 2875 σκυθρωπός.
748 2824 901 2870 Tragici
933 2835 964 2861 e.
999 2835 1054 2870 gr.
1088 2823 1282 2870 Euripides
1319 2823 1464 2870 saepius
1500 2824 1567 2861 hoc
1602 2823 1715 2861 verbo
1751 2825 1917 2859 utuntur.

211 2880 383 2933 δόμων·
417 2884 500 2920 Hoc
533 2893 678 2928 quoque
702 2884 920 2920 vocabulum
943 2883 1121 2929 imprimis
1147 2882 1412 2927 vero'pluralis
1436 2893 1610 2920 numerus
1634 2893 1681 2919 ex
1702 2881 1919 2927 tragoediae

210 2954 278 2981 usu
303 2942 449 2981 dicendi
471 2942 612 2989 petitus
636 2946 703 2979 est.
