2053 3404
815 247 1111 293 -67—

326 377 374 424 εὖ
404 396 472 426 τοι
502 380 650 437 λέγεις.
679 420 727 424 -.
755 381 829 423 καὶ
859 378 1002 424 τᾶλλα
1031 378 1066 434 γ’
1099 373 1206 422 ὦσιν
1235 375 1376 434 ἤπιοι.
1436 377 1539 422 Pac.
1569 374 1655 419 934

324 452 383 507 μή
415 467 492 494 νυν
525 451 635 506 ὁρᾶν
666 454 863 507 δοκῶμεν
895 450 1044 496 αὐτόν.
1065 487 1113 491 -.
1134 444 1183 491 εὖ
1213 447 1360 503 λέγεις.
1435 448 1536 491 Pac.
1569 445 1676 489 1051

327 557 336 567 .
350 557 360 567 .
371 556 381 567 .
396 523 470 565 καὶ
491 526 710 577 πείσομαί
722 534 805 567 σοι.
820 559 869 564 -
887 524 995 565 νοῦν
1016 519 1086 578 ἄρ’
1106 515 1221 570 ἕξεις
1232 513 1295 575 ’νὴ
1316 520 1416 563 Δία.
1432 519 1515 563 AV.
1548 516 1660 560 1371

326 592 459 636 πάντ’
480 588 529 635 εὖ
547 592 584 635 κ’
605 590 712 647 ἔχοι,
744 593 819 635 καὶ
839 593 950 650 τᾷδε
976 591 1061 647 γὰρ
1091 590 1228 645 λέγεις
1257 588 1411 637 καλῶς.
1433 589 1538 644 Lys.
1572 587 1656 630 180

324 661 376 718 νὴ
398 663 479 706 τὸν
497 662 571 705 Δί’
594 659 642 705 εὖ
659 662 812 718 μέντοι
833 662 977 718 λέγεις.
999 699 1047 703 -
1067 661 1142 704 ναὶ
1162 660 1223 702 τῶ
1245 658 1325 702 aaa}
1429 659 1534 714 Lys.
1566 657 1680 701 1095

326 726 397 788 ἆρ’
428 733 614 790 ἁρμόσει
641 749 740 789 μοι;
759 772 806 776 -
826 734 879 789 νὴ
902 733 976 775 Δί’
998 731 1095 774 ἀλλ’
1122 729 1265 787 ἄριστ’
1295 727 1400 784 ἔχει.
1432 731 1603 774 Thesm.
1634 728 1721 772 260

325 802 507 859 ἀνδρεῖά
537 803 572 858 γ’
603 798 636 845 ὦ
667 804 902 848 Πόσειδον.
932 840 979 845 .-
1011 796 1134 857 οἶμαι
1164 800 1216 856 νὴ
1249 803 1349 842 Δία.
1427 801 1538 844 Rau.
1570 799 1653 843 491

247 875 314 932 (**
326 874 376 917 σὲ
399 874 450 917 δὲ
470 874 592 917 ταῦτ’
613 873 828 930 ἀρέσκει,·)
846 912 893 917 -
906 873 1059 929 μάλλὰ
1081 872 1210 915 πλεῖν
1231 869 1259 927 ἢ
1280 875 1510 926 μαίνομαι.
1542 872 1654 916 Rau.
1689 871 1772 914 103

325 979 334 989 .
347 979 355 1002 .
367 978 377 989 .
389 939 484 986 ἅττ’
499 942 555 986 ἂν
570 944 736 987 λαλῶσι
741 960 759 996 ,·
770 982 817 986 -
826 944 976 999 μάλλὰ
993 943 1124 986 πλεῖν
1138 940 1166 998 ἢ
1182 945 1412 996 μαίνομαι.
1428 942 1538 985 Ran.
1571 941 1651 984 751

287 1014 379 1064 *ὥς
410 1014 588 1066 ξυνετὸς
618 1014 744 1070 ἀνὴρ.
775 1054 822 1058 —
851 1017 932 1057 νῦν
961 1013 1102 1063 καλῶς
1133 1013 1371 1070 ἐπῄνεσας.
1435 1013 1555 1057 Eccl.
1586 1012 1673 1056 204

323 1078 371 1129 εὖ
401 1101 470 1128 τοι
500 1085 638 1141 λέγειν
667 1083 813 1141 ἔμοιγε
843 1087 1097 1142 φαίνεσθον
1128 1084 1262 1129 πάνυ.
1425 1084 1540 1129 Plut.
1573 1082 1658 1127 198

321 1158 402 1215 τὴν
417 1158 538 1215 δᾷδα
557 1157 619 1213 μή
634 1173 711 1212 μοι
725 1156 962 1214 πρόσφερ’.
979 1195 1026 1199 ,-
1041 1148 1091 1198 εὖ
1111 1155 1265 1211 μέντοι
1280 1155 1406 1211 λέγει.
1427 1156 1540 1200 Plut.
1575 1154 1688 1199 1052

323 1251 456 1308 αἰβοῖ.
472 1290 518 1295 -
534 1255 582 1294 τί
598 1250 743 1306 'bovam
762 1290 809 1294 -
831 1250 907 1294 οὐκ
928 1250 1195 1307 ἀρέσκουσίν
1214 1250 1259 1306 μ’
1278 1245 1366 1295 ὅτι.
1382 1285 1412 1296 ..
1430 1252 1536 1295 Aah.
1570 1250 1653 1294 189

326 1315 351 1378 ἦ
382 1323 471 1379 μὴν
500 1322 675 1378 κόβαλά
706 1322 741 1378 γ’
773 1322 910 1376 ἐστίν,
943 1322 998 1372 ὦς
1028 1323 1101 1364 καὶ
1133 1322 1207 1364 σοὶ
1238 1323 1371 1364 δοκεῖ.
1427 1323 1537 1367 Ran.
1570 1321 1654 1365 104

928 1475 996 1522 10.

252 1560 456 1605 Videmus
488 1561 750 1614 sententias,
791 1572 899 1615 quas
929 1559 975 1603 in
1007 1558 1062 1617 ἐξ
1094 1558 1209 1604 5-9
1241 1559 1552 1614 tractavimus,
1593 1559 1638 1603 in
1670 1573 1813 1603 mono-

109 1632 261 1676 stichis
302 1633 534 1687 praecipue
573 1632 844 1676 indissolutis
879 1631 1037 1675 inesse.
1098 1632 1240 1675 Multa
1279 1632 1367 1675 iam
1406 1631 1678 1675 monosticha
1717 1643 1814 1685 pro-

110 1703 211 1757 tuli,
253 1704 389 1748 multa
419 1717 522 1749 vero
564 1711 799 1761 supersunt
840 1702 1062 1748 afferenda
1102 1705 1234 1757 atque
1274 1716 1389 1747 nunc
1430 1702 1601 1757 quidem
1643 1702 1696 1747 de
1727 1702 1815 1747 illis

108 1775 232 1818 uobis
263 1788 335 1818 res
358 1775 429 1827 sit,
460 1788 569 1829 quae
602 1774 827 1818 continent
860 1775 995 1818 verba
1026 1774 1131 1827 eius,
1163 1774 1236 1828 qui
1268 1774 1430 1828 aliquid
1460 1774 1613 1829 paucis
1636 1787 1814 1828 respon-

109 1845 211 1889 deat
241 1846 312 1890 vel
343 1845 521 1890 referat.

321 1913 470 1959 ἕλαιον
499 1915 605 1972 ἡμῖν
637 1915 713 1958 οἰκ
744 1913 884 1959 ἔνεστ’
916 1914 963 1958 ἐν
992 1917 1053 1971 τῷ
1085 1914 1241 1971 λύχνῳ.
1431 1916 1541 1961 Nub.
1573 1916 1629 1959 56

322 1986 471 2030 ἔλαιον
503 1987 588 2029 οὐκ
610 1985 781 2031 ’ἔνεστιν
812 1986 860 2030 ἐν
890 1989 945 2044 τῇ
975 1987 1168 2044 ληκύθῳ.
1430 1989 1513 2032 AV.
1547 1987 1660 2031 1589

321 2057 346 2113 ἡ
380 2060 487 2108 παῖς
517 2057 721 2100 λέλουται
750 2058 824 2100 καὶ
854 2057 911 2100 τὰ
943 2060 1020 2115 τῆς
1050 2061 1190 2115 πυγῆς
1219 2057 1347 2103 καλά.
1430 2059 1531 2103 Pac.
1563 2058 1650 2102 868

320 2128 395 2183 ὑφ’
426 2124 586 2183 ἅρματ’
617 2127 764 2170 ἐλθών
796 2128 935 2186 Ζηνὸς
966 2127 1319 2185 ἀστραπηφορεῖ.
1427 2131 1528 2173 Pac.
1560 2129 1646 2172 722

320 2197 416 2240 ἀλλ’
448 2197 543 2241 ἴσθ’
575 2196 647 2240 ἐπ’
678 2196 817 2254 αὐτὴν
847 2197 928 2254 τήν
957 2196 1109 2254 θύραν
1138 2197 1387 2254 ἀφιγμένος.
1424 2200 1534 2244 Rau.
1566 2199 1651 2243 436

1334 2286 1393 2312 z
1423 2271 1561 2315 Arist.
1594 2271 1648 2315 fr.
1681 2270 1766 2314 162

319 2341 507 2397 φροῦδοι
536 2339 618 2397 γὰρ
649 2339 783 2398 ἐχθὲς
815 2338 928 2383 εἰσιν
958 2339 1253 2395 ε’ξωκισμὲνοι.
1428 2342 1528 2386 Pac.
1562 2341 1647 2386 197

923 2491 991 2538 11.

246 2577 299 2621 In
345 2576 888 2631 Thesmophoriazusarum
938 2576 1113 2620 exordio
1165 2577 1398 2633 Euripides
1444 2577 1712 2623 Mnesilocho
1764 2593 1813 2624 se

104 2647 257 2691 timere
298 2649 453 2692 narrat
494 2660 546 2691 ac
586 2649 799 2700 metuere,
840 2660 895 2691 ne
927 2648 982 2691 ab
1022 2647 1149 2704 iratis
1186 2648 1437 2693 mulieribus
1478 2649 1813 2697 interficeretur.

106 2711 400 2763 Mnesilochus
431 2730 536 2763 vero
568 2720 659 2761 tam
689 2718 802 2762 male
832 2730 1065 2773 personam
1095 2731 1219 2763 suam
1248 2722 1409 2773 tuetur,
1440 2723 1489 2764 ut
1520 2720 1661 2766 dicat:

316 2788 368 2844 νὴ
400 2790 481 2832 τὸν
510 2790 715 2832 Ποσειδῶ·
744 2789 820 2846 καὶ
850 2788 1002 2832 δίκαιά
1032 2787 1068 2844 y’
1100 2786 1159 2831 ἂν
1188 2790 1374 2840 πάθοις.
1426 2792 1598 2836 Thesm.
1629 2792 1686 2836 86

101 2861 191 2904 Res
223 2860 375 2905 eadem
405 2861 486 2913 est,
519 2872 614 2903 cum
644 2859 774 2915 paulo
805 2860 961 2915 postea
991 2860 1228 2905 exclamet:

313 2931 379 2986 μὰ
409 2930 490 2974 τὸν
518 2930 593 2972 Δί’
625 2929 677 2972 οὗ
708 2929 823 2988 ζηλῶ
854 2942 906 2980 σε,
935 2933 1012 2986 τῆς
1042 2932 1330 2982 παιδεύσεως.
1425 2935 1597 2979 Thesm.
1631 2935 1715 2979 175
