2053 3404
928 238 1301 311 *3⁰*.

433 370 483 411 τί
507 369 651 411 ταῦτα
679 366 781 417 τούς
811 366 1029 418 Λάκωνας
1061 364 1341 425 αἰτιώμεθα;
1542 368 1648 414 Aah.
1680 366 1766 413 514

433 441 482 481 τί
507 437 630 481 ταῦτ’
661 435 844 493 ἔχουσαι
874 435 1031 481 ’κεῖνον
1061 436 1315 494 αἰτιώμεθα
1323 455 1339 495 ;
1369 454 1374 460 ·
1541 440 1712 485 Thosm.
1743 438 1829 483 473

433 508 637 565 καθῆσθ’
658 506 716 551 α”ν
736 507 783 550 ἐν
804 507 1036 565 δόμοισιν;
1064 500 1093 565 ἦ
1116 508 1290 552 πολλοῦ
1308 526 1354 565 γε
1375 511 1451 553 δεῖ
1464 544 1474 555 .
1488 545 1497 556 .
1511 545 1520 556 .
1542 511 1649 555 Aah.
1680 510 1766 554 543

432 579 507 622 καὶ
536 581 677 622 ταῦτα
705 577 789 633 μὲν
820 576 874 636 δὴ
909 579 1071 634 σμικρὰ
1102 578 1366 638 κῆπιχώρια,
1389 615 1399 626 .
1422 615 1431 626 .
1455 615 1464 626 .
1540 581 1647 625 th.
1680 579 1766 625 523

432 651 506 692 καὶ
516 652 658 693 ταῦτα
666 649 750 704 μὲν
761 649 1014 704 ξυγγνώσθ’.
1024 648 1054 692 ἃ
1066 650 1105 693 δ’
1115 643 1173 706 ἦν
1181 649 1286 706 ἡμῖν
1296 651 1386 708 πρὸ
1399 654 1479 695 τοῦ
1486 686 1496 697 .
1505 687 1514 697 .
1524 653 1712 697 ‚Thesm
1743 651 1830 695 418

432 722 622 764 τοιαῦτα
650 719 734 775 μὲν
763 718 985 766 τάκεῖθεν.
1016 720 1065 764 ἓν
1096 721 1149 764 δέ
1181 733 1254 764 σοι
1284 720 1413 777 λέγω·
1540 724 1622 768 AV.
1655 721 1770 767 1304

429 791 628 845 μάλιστα
657 791 852 835 πάντων.
882 790 932 833 ἓν
963 792 1013 834 δέ
1046 804 1119 834 σοι
1150 792 1257 847 λέγω
1289 793 1453 849 σαφές.
1540 796 1622 839 AV.
1654 793 1767 837 1531

431 861 488 903 τά
518 860 602 915 μὲν
630 859 714 916 γάρ
745 858 842 902 ἄλλ’
876 856 986 919 αὕτη
1016 860 1307 921 κατηγόρηκεν
1336 855 1407 905 εὖ·
1542 865 1712 908 Thesm.
1743 862 1829 908 444

430 931 534 974 κούκ
564 929 668 974 ἔσθ’
691 927 812 980 ὅπως
843 931 919 974 οὐκ
950 932 1064 974 εἰσὶν
1095 932 1276 975 ἐνθένδ’
1298 933 1511 979 αὐτόθεν.
1542 935 1649 978 Aah.
1681 933 1766 978 116

430 1001 535 1044 κούκ
565 999 669 1044 ἔσθ’
692 997 811 1051 ὅπως
843 1002 921 1045 οὐκ
951 1001 1073 1045 ἔστιν
1104 1002 1288 1046 ἐνταῦθ’
1322 1002 1465 1059 ὄρνεα.
1541 1005 1622 1050 AV.
1654 1004 1710 1048 52

432 1071 511 1115 οὐκ
540 1070 644 1114 ’ἐσθ’
673 1068 794 1121 ὅπως
826 1072 849 1113 ὁ
881 1072 1071 1130 χρηστὸς
1102 1073 1146 1122 ἐς
1175 1076 1309 1117 τοῦτο
1342 1074 1481 1130 ῥέπει.
1542 1076 1656 1119 Plut.
1689 1074 1744 1118 51

397 1142 538 1187 *κούκ
568 1142 672 1186 ἴσθ’
695 1139 814 1193 ὅπως
848 1142 926 1185 οὐκ
954 1140 1079 1198 ἔχετέ
1107 1159 1194 1199 μου
1224 1143 1282 1186 τὰ
1305 1145 1521 1203 χρήματα.
1542 1146 1656 1190 Plut.
1687 1144 1771 1189 871

432 1214 513 1270 ἐγώ
543 1214 627 1269 μὲν
659 1207 739 1258 οὖν
771 1213 848 1258 οὐκ
878 1212 982 1257 ἔσθ’
1006 1210 1125 1265 ὅπως
1157 1216 1409 1273 σιγήσομαι.
1544 1217 1657 1261 Plut.
1691 1215 1746 1260 18

434 1285 508 1329 ὁδὶ
539 1285 590 1329 δὲ
620 1289 687 1335 τίς
709 1284 811 1328 ποτ’
835 1284 958 1328 ἐστίν
968 1302 985 1338 ,·
1018 1285 1071 1328 οὐ
1102 1286 1252 1343 δήπου
1271 1287 1507 1344 Στράτωνς
1540 1288 1648 1332 th.
1682 1286 1766 1331 122

431 1357 508 1413 ἡδὶ
540 1356 594 1400 δὲ
626 1357 680 1413 δή
714 1372 778 1406 τις
810 1356 933 1401 ἐστὶν
965 1356 1063 1412 οὐχὶ
1092 1357 1346 1414 κλεψύδρας
1541 1359 1672 1414 Vesp.
1704 1357 1790 1401 858

438 1426 562 1469 ταῦτ’
574 1426 690 1470 αὐτὰ
704 1427 787 1482 γάρ
803 1442 872 1469 τοι
885 1425 1025 1469 κᾶσθ’
1041 1426 1071 1468 ἃ
1087 1426 1250 1470 σώσειν
1269 1429 1521 1484 προσδοκῶ.
1540 1430 1644 1484 Lys.
1676 1428 1732 1471 46

431 1496 600 1540 τοιαῦτ’
630 1495 846 1555 ἀπήντηκ’
878 1496 922 1546 ἐς
951 1498 1125 1540 τοιαυτὶ
1155 1496 1411 1553 πράγματα.
1538 1499 1643 1554 Lys.
1674 1497 1762 1542 420

429 1568 505 1610 καὶ
535 1569 679 1610 ταῦτα
707 1566 790 1622 μὲν
821 1566 876 1623 δὴ
909 1569 1064 1610 ταῦτα.
1095 1570 1157 1622 τῷ·
1189 1567 1240 1611 δὲ
1259 1567 1391 1625 λοξίᾳ
1412 1600 1422 1611 .
1446 1600 1456 1610 .
1480 1600 1491 1610 .
1534 1570 1650 1614 Plut.
1682 1570 1709 1612 8

431 1635 547 1695 ὅμως
576 1654 623 1695 γε
651 1638 805 1695 μέντοι
836 1651 909 1682 σοι
940 1637 997 1681 δι’
1028 1637 1237 1695 αἰνιγμῶν
1269 1638 1365 1696 ἐρῶ.
1540 1641 1651 1685 Ran.
1683 1639 1737 1684 61

427 1711 503 1753 καὶ
531 1711 674 1767 κάρτα
702 1709 857 1765 μέντοι
888 1707 946 1753 ἂν
967 1708 1136 1759 εὐθέως
1154 1711 1415 1754 καθείλκετε
1436 1744 1447 1754 .
1471 1743 1481 1754 .
1505 1744 1515 1754 .
1539 1713 1646 1757 Aeh.
1677 1711 1764 1756 544

427 1785 506 1824 καί
534 1796 601 1824 τοι
630 1784 697 1831 τίς
727 1779 844 1836 ὑμᾶς
874 1775 924 1824 εὗ
954 1782 1101 1824 ποιεῖν
1132 1780 1387 1839 δυνήσεται,
1539 1783 1670 1838 Vesp.
1702 1781 1787 1826 915

428 1850 484 1908 ἢν
512 1852 576 1908 μή
607 1868 650 1894 τι
678 1851 818 1906 κάμοί
844 1867 909 1900 τις
940 1851 1175 1908 προβάλλῃ
1205 1854 1268 1906 τῷ
1296 1857 1397 1895 κυνί
1403 1870 1420 1905 ,·

429 1926 546 1978 μισῶ
577 1922 658 1965 τὸν
689 1919 815 1976 ἄνδρ’
847 1921 1028 1975 ἐκεῖνον,
1060 1920 1101 1963 εἷ
1126 1920 1187 1979 μὴ
1218 1926 1448 1978 μαίνομαι.
1539 1925 1711 1968 Thesm.
1742 1922 1829 1967 470

436 1990 552 2049 ὅμως
584 1993 625 2036 δ’
656 1992 704 2037 ἓν
735 1991 972 2049 ἀλλήλαισι
1001 1991 1083 2049 χρὴ
1117 1993 1275 2036 δοῦναι
1303 1992 1448 2048 λόγον.

431 2097 441 2108 .
455 2097 466 2107 .
480 2098 490 2109 .
507 2064 818 2120 Ὀλυμπίασιν,
852 2062 900 2106 ἐν
919 2062 1106 2118 Πύλαις,
1136 2066 1299 2107 Πυθοῖ
1316 2063 1508 2124 (πόσους
1538 2065 1642 2121 Lys.
1675 2063 1786 2109 1131

429 2134 594 2190 εἴποιμ’
626 2132 684 2177 ἄν
714 2132 890 2188 ἄλλους,
923 2134 971 2177 εἴ
991 2149 1047 2189 με
1075 2135 1284 2193 μηκύνειν
1314 2135 1410 2178 δέοι
1418 2135 1456 2193 ,·)

428 2207 695 2264 ἠρίσταμεν·
727 2204 824 2265 (δεῖ
845 2204 928 2262 γάρ
960 2204 1203 2248 συνάπτειν
1232 2205 1314 2249 τὸν
1344 2205 1507 2264 λόγον.)
1533 2206 1798 2262 Theopompi
1809 2206 1922 2251 fr.22

358 2301 594 2345 Sufficiunt
624 2301 823 2355 exempla
852 2302 1076 2355 hueusque
1107 2301 1257 2355 allata,
1290 2314 1401 2355 quae
1422 2302 1722 2346 demonstrent
1750 2304 1924 2356 poetam

215 2375 321 2417 tunc
364 2385 554 2428 quoque,
601 2385 697 2416 eum
744 2374 963 2416 oratorum
1008 2371 1202 2427 linguam
1242 2371 1546 2428 propriumque
1592 2385 1739 2417 eorum
1784 2384 1923 2429 genus

215 2443 389 2488 dicendi
443 2442 660 2497 imitetur,
722 2454 869 2486 eorum
924 2442 1166 2486 locutiones
1222 2442 1432 2486 trimetris
1487 2442 1759 2487 indissolutis
1810 2456 1922 2488 eom·

215 2513 513 2570 prehendisse.

1054 2689 1137 2734 3„

337 2774 563 2841 ..Socrates
603 2774 650 2819 in
680 2774 868 2819 Nubium
899 2787 953 2819 ea
982 2776 1127 2830 parte,
1169 2774 1244 2818 ubi
1274 2774 1551 2829 Strepsiades
1591 2774 1827 2830 discipulus
1857 2774 1922 2818 in-

210 2846 407 2901 ducitur,
454 2846 712 2901 magistrum
757 2846 853 2902 agit
895 2858 1095 2891 severum
1108 2880 1118 2900 ‚
1165 2859 1291 2900 quem
1331 2846 1601 2910 paulopost
1641 2858 1728 2890 non
1767 2845 1922 2890 habitu

212 2917 352 2960 solum
381 2918 428 2961 et
457 2917 583 2962 vultu
623 2917 702 2961 sed
732 2917 879 2962 verbis
920 2916 1054 2961 etiam
1083 2916 1365 2971 Phidippides
1405 2925 1487 2961 nee
1526 2929 1613 2961 non
1644 2915 1923 2971 Strepsiades
