2053 3404
938 266 1232 312 -56-

1079 396 1197 440 ἀλλὰ
1227 399 1309 455 χρὴ
1341 401 1457 447 θεᾶς
1553 398 1636 442 AV.
1668 395 1783 440 1718

403 470 628 528 *Μούσης
661 469 852 525 ἀνοίγειν
884 468 1003 526 ἱερὸν
1034 466 1238 527 εὔφημον
1269 469 1429 524 στόμα.
1757 467 1773 476 “

437 540 614 598 ᾄδωμεν
646 540 705 590 εἰς
735 540 815 583 τὸν
847 540 1075 598 δεσπότην
1107 540 1327 595 ἐγκώμιον.
1552 539 1686 583 Arist.
1718 538 1771 582 fr.
1803 536 1885 581 491

438 612 677 663 ξυναυλίαν
707 611 970 667 κλαύσωμεν
1005 610 1249 666 Οὐλύμπου
1278 612 1429 667 νόμον.
1549 611 1658 665 Equ.
1676 610 1717 652 ‚8

437 682 520 724 ἀλλ
551 678 585 725 ὦ
616 684 768 725 τέκνον
800 682 850 725 σὲ
883 682 966 737 μὲν
995 682 1047 724 τὸ
1080 686 1250 739 σαυτῆς
1270 682 1351 738 χρὴ
1375 684 1521 724 ποιεῖν
1548 683 1719 725 The-sm.
1742 679 1866 730 ,1062

402 753 590 797 *κλάειν
622 753 805 803 ἐλεινῶς.
826 791 873 796 —
896 752 946 795 σὲ
979 752 1020 796 δ’
1051 753 1278 802 ἐπικλάειν
1308 748 1505 808 ὕστερον.

374 825 533 879 -ἐμοὶ
562 824 748 879 μελήσει
779 825 924 866 ταῦτα
954 824 1006 879 γ’,
1039 823 1134 866 ἀλλ’
1167 822 1306 880 ἄρχου
1335 824 1459 877 γόων.

434 893 522 956 ᾤου
551 930 560 939 .
584 930 592 939 .
616 930 625 940 .
657 895 985 949 προσάξεσθαί
1011 911 1109 938 τινα
1545 894 1663 937 Eccl.
1694 893 1780 936 885

433 964 603 1023 ᾄδουσ’.
638 966 717 1020 ἐγὼ
751 966 790 1009 δ’
821 964 877 1022 ἢν
909 970 1042 1008 τοῦτο
1074 968 1183 1021 δρᾷς
1212 964 1479 1021 ἀντᾴσομαιτ

1071 1035 1235 1078 κάείσω
1264 1034 1401 1078 καλὸν
1544 1036 1646 1090 Lys.
1680 1033 1793 1078 1243

434 1110 477 1158 ἐς
508 1109 592 1157 τώς
617 1108 854 1157 Ἀσαναίως
885 1124 933 1149 τε
963 1105 1068 1162 χᾶμ’
1100 1105 1245 1162 ἄεισμ’
1275 1107 1385 1163 ἁμᾷ.

395 1211 397 1213 ·
430 1181 509 1235 ἐγὼ
537 1180 543 1237 Ι
572 1179 800 1237 ἐπᾴσομαι
831 1178 964 1234 μέλος
993 1194 1036 1221 τι
1065 1177 1439 1233 μελλοδειπνικόν.
1540 1177 1658 1221 Eccl.
1691 1175 1805 1220 1152

432 1285 440 1294 .
450 1285 459 1295 .
469 1250 691 1306 ,Αἰσχίνης
704 1284 713 1293 .
726 1284 735 1293 .
749 1283 758 1293 .
773 1248 779 1307 Ι
792 1249 904 1305 ἀνὴρ
921 1249 1063 1304 σοφὸς
1077 1250 1152 1290 καὶ
1161 1247 1371 1302 μουσικὸς
1384 1247 1664 1304 καντᾴσεται.
1675 1237 1924 1301 Ῡθὲρ.1242

431 1313 479 1364 εὖ
499 1315 582 1363 οἷδ’
595 1315 663 1363 ὅτι
678 1318 684 1379 Ι
700 1320 751 1364 οὐ
767 1319 979 1378 πράγματ
995 1318 1109 1377 ᾄσει.
1126 1318 1356 1375 σώφρονος
1365 1318 1448 1373 γὰρ
1460 1312 1691 1375 εἷπατρὸς.
1702 1316 1922 1362 Pac.1296

431 1387 588 1447 οὕποψ
616 1391 831 1445 μελῳδεῖν
861 1383 917 1431 αὖ
949 1390 1349 1445 παρασκευάζεται.
1372 1405 1374 1407 ·
1395 1407 1407 1417 ·
1541 1391 1623 1434 A·V.
1654 1389 1741 1433 226

429 1466 552 1518 σίγα·
582 1461 806 1517 μελῳδίαν
835 1460 1235 1516 παρασκευάζεται.
1540 1462 1712 1505 Thesm.
1744 1459 1800 1523 99

356 1547 520 1590 Horum
555 1558 723 1599 quoque
754 1557 959 1590 versuum
989 1545 1093 1588 lima
1123 1545 1282 1599 optime
1307 1544 1534 1587 elaborata
1555 1546 1625 1587 est
1645 1546 1789 1598 atque,
1820 1546 1923 1605 quia

211 1619 352 1661 nullos
383 1617 478 1661 fere
509 1617 642 1671 pedes
674 1618 841 1660 solutos
874 1616 1112 1669 continent,
1142 1616 1305 1659 maiore
1328 1615 1519 1670 pondere
1539 1615 1718 1659 recitari
1739 1617 1922 1670 possunt

210 1691 255 1732 et
287 1688 446 1743 optime
480 1687 751 1743 dialogorum
780 1689 932 1741 partes
965 1687 1240 1745 concludunt.

349 1878 443 1920 Iam
466 1877 523 1920 ad
544 1876 673 1920 finem
695 1875 973 1931 perduximus
1006 1875 1381 1930 quaestiunculam
1412 1875 1466 1919 de
1485 1874 1696 1920 trimetris
1728 1888 1839 1930 quae
1869 1875 1916 1920 in

208 1959 372 1990 scaena
404 1949 595 2000 agantur
627 1946 959 2000 explicantibus.
1020 1947 1162 1989 Multa
1200 1959 1306 1989 sane
1349 1941 1548 2002 exempla
1587 1949 1767 1993 exstant
1803 1960 1914 2000 quae

206 2030 293 2060 non
325 2016 468 2070 attuli,
501 2017 579 2060 sed
612 2016 713 2071 quid
745 2016 904 2071 plura?
954 2017 1025 2060 Ex
1051 2016 1199 2060 allatis
1230 2029 1327 2060 mea
1358 2016 1530 2070 quidem
1560 2016 1782 2061 sententia
1802 2016 1913 2061 satis

205 2087 434 2131 evidenter
481 2089 665 2142 apparet
709 2087 825 2130 inter
870 2087 1100 2131 subtiliora
1128 2082 1141 2090 ”
1152 2087 1339 2145 artificia
1384 2087 1641 2131 comicorum
1687 2088 1912 2141 poetarum
1933 2115 1954 2124 -

203 2157 330 2213 parvi
376 2158 580 2203 momenti
625 2171 712 2203 non
758 2171 856 2203 esse
901 2158 1030 2212 illud,
1082 2171 1165 2213 quo
1212 2157 1460 2203 sententiae
1507 2158 1563 2203 ad
1609 2157 1910 2215 explicandam

204 2229 419 2273 actionem
449 2230 644 2274 insertae
675 2230 876 2275 versibus
909 2230 1266 2286 castigatioribus
1298 2230 1611 2286 concipiuntur.

245 2434 398 2495 eaput
428 2434 645 2483 tertium:
684 2435 751 2482 De
782 2435 976 2495 reliquis
1007 2436 1250 2503 trimetris,
1284 2437 1363 2498 qui
1395 2438 1446 2486 ut
1477 2450 1536 2485 ex
1566 2436 1864 2487 multitudine

654 2504 896 2555 emineant
926 2508 1091 2556 carent
1121 2506 1456 2558 solutionibus

337 2661 497 2705 Actum
528 2662 599 2704 est
630 2660 684 2704 de
716 2659 973 2704 comicorum
1003 2590 1213 2706 trlimetris
1252 2663 1307 2707 iis
1348 2664 1503 2718 quibus
1545 2664 1601 2708 ad
1633 2666 1905 2719 spectatores

195 2731 436 2787 orationem
468 2731 731 2787 dirigebant,
768 2732 1043 2775 transactum
1074 2732 1205 2776 etiam
1236 2733 1290 2778 de
1319 2734 1374 2779 iis
1406 2736 1560 2790 quibus
1593 2735 1778 2780 actionis
1808 2749 1905 2791 pro-

193 2815 394 2858 gressum
425 2803 718 2858 explicabant,
755 2802 982 2847 videamus
1014 2814 1128 2846 nunc
1160 2804 1331 2861 quidem
1361 2806 1532 2851 omnin'o
1564 2819 1640 2852 eos
1670 2806 1905 2862 trimetros,
1981 2814 1985 2816 ’

192 2885 301 2926 quos
340 2873 546 2929 graviore
587 2874 779 2928 pondere
820 2872 999 2917 recitari
1039 2873 1279 2927 voluerint,
1310 2876 1572 2931 ,elegantius
1614 2879 1670 2922 ab
1709 2878 1764 2922 iis
1805 2890 1904 2923 esse

193 2942 500 2989 conformatos.
