2053 3404
826 227 1118 272 -21d

705 357 1240 419 Thesmophoriazusae.

263 433 428 477 Chorus
458 433 504 476 in
536 432 663 476 exodi
692 432 818 476 initio
848 431 1065 487 tragicum
1102 443 1149 475 se
1181 429 1297 486 gerit
1328 430 1540 473 adversus
1571 429 1821 484 Euripidem

121 517 201 548 nec
231 516 319 547 non
347 504 394 547 in
424 503 552 547 exodi
582 503 666 546 fine
699 503 926 558 adversus>
942 502 1177 557 Thracem,
1219 500 1293 554 qui
1321 500 1415 554 ipse
1457 500 1695 554 desperans
1727 514 1822 544 cum

121 573 286 619 sentiat
324 575 437 618 male
483 587 554 617 res
596 574 750 617 cedere
795 573 1011 628 tragicam
1055 584 1285 626 personam
1330 570 1484 614 induit.
1553 571 1718 614 Versus
1758 571 1822 614 in—

122 644 333 701 spiciendi
363 646 467 688 sunt
498 644 617 688 chori
649 642 777 698 1164,
809 642 925 687 1170
946 656 992 696 s.,
1030 641 1157 696 1217,
1196 639 1323 695 1219,
1356 639 1483 695 1221,
1516 639 1631 684 1224
1653 653 1699 694 s.‚
1739 641 1822 697 (in-

121 714 322 759 dissoluti
352 728 500 759 omnes
530 717 712 769 excepto
733 728 773 759 v.
796 713 909 757 1221
931 712 1134 769 tragico),
1165 712 1348 756 Thracis
1376 710 1503 765 1216,
1536 710 1663 765 1218,
1695 710 1823 764 1220,

122 785 249 840 1222,
282 785 396 830 1226
428 785 602 844 (versus
633 785 783 830 iudiss.
815 784 855 840 3,
885 787 999 841 trag.
1030 782 1091 841 2).

262 857 465 901 Videmus
495 858 540 900 in
571 857 698 900 huius
730 869 897 910 quoque
929 855 1107 899 fabulae
1149 854 1285 898 exodo
1318 856 1491 907 poetam
1529 853 1594 895 uti
1626 853 1822 907 artificio,

121 928 234 981 quod
262 927 308 971 in
338 928 614 983 paragrapho
647 927 839 971 secunda
869 924 1093 979 descripsi.

665 1039 1038 1092 Ecclesiazusae.
1100 1038 1279 1089 Plutus

260 1116 447 1159 Famula
476 1115 522 1158 in
551 1115 954 1159 Ecclesiazusarum
987 1113 1124 1158 exodo
1155 1112 1229 1156 ubi
1260 1111 1457 1156 dominus
1489 1112 1548 1155 sit
1577 1111 1823 1166 interrogat

120 1185 292 1239 fertque
321 1199 578 1241 responsum
609 1200 636 1229 a
667 1186 786 1230 chori
818 1186 947 1229 duce:

334 1255 471 1298 αὐτοῦ
499 1255 678 1310 μένουσ’
710 1255 816 1311 ἡμῖν
844 1254 879 1310 y'
910 1252 967 1296 ἄν
999 1253 1192 1309 ἐξευρεῖν
1222 1254 1364 1301 δοκεῖς
1440 1252 1554 1296 1127

249 1326 304 1371 cf.
335 1325 430 1368 ἀλλ’
462 1326 558 1369 ἴσθ’
589 1325 660 1369 ἐπ’
692 1325 830 1374 αὐτὰς
859 1325 939 1375 τὰς
969 1325 1115 1381 θύρας
1145 1323 1361 1381 ἀφιγμένη
1436 1324 1550 1367 Plut.
1583 1323 1669 1367 962

333 1389 367 1438 ὦ
397 1401 676 1455 μειρακίσκη·
708 1397 934 1440 πυνθάνει
962 1395 1045 1452 γὰρ
1077 1395 1252 1451 ὡρικῶς.

120 1469 215 1512 Hoc
254 1468 386 1512 etiam
426 1468 545 1512 chori
584 1482 739 1513 munus
780 1481 834 1512 ex
874 1467 1104 1523 tragoedia
1133 1467 1317 1521 petitum
1349 1469 1436 1520 est,
1478 1480 1564 1520 qua
1602 1467 1655 1510 de
1688 1481 1823 1511 causa

120 1551 205 1582 non
235 1539 540 1594 inexspectata
571 1538 711 1584 forma
740 1541 810 1583 est
840 1538 1095 1595 elegantior.
1126 1562 1183 1567 —

260 1644 488 1699 Reliquum
520 1647 600 1697 est,
632 1646 681 1687 ut
711 1645 851 1688 dicam
883 1645 936 1687 de
968 1645 1134 1687 duobus
1165 1642 1324 1687 Avium
1353 1643 1587 1686 trimetris:

335 1709 461 1763 οὗτος
490 1718 538 1756 τί
564 1717 706 1764 ποιεῖς
714 1731 731 1765 ,·
764 1707 853 1770 ἆρα
882 1713 1130 1769 θαυμάζεις
1162 1708 1228 1755 ὅτι
1430 1714 1512 1757 AV.
1546 1711 1661 1756 1164

335 1780 447 1826 οῧτω
477 1784 528 1826 τὸ
560 1787 702 1840 τεῖχος
734 1784 1045 1839 ἐκτετείχισται
1075 1783 1214 1838 ταχύς

121 1853 285 1898 Chorus
335 1854 402 1898 his
453 1855 599 1900 verbis
644 1856 967 1900 Pisthetaerum
1018 1854 1263 1909 alloquitur.
1339 1855 1452 1910 Quid
1504 1855 1586 1900 sibi
1636 1856 1822 1900 volunt?

121 1925 439 1980 Aristophanes
470 1928 555 1970 hac
584 1928 743 1983 tragici
774 1927 984 1972 sermonis
1025 1926 1208 1981 parodia
1248 1926 1519 1981 vituperavit
1554 1926 1747 1971 fortasse
1778 1931 1824 1970 et

119 1996 377 2049 perstrinxit
407 1997 569 2042 similes
600 2011 755 2042 versus
785 1997 1045 2052 Euripideos
1076 1997 1148 2041 vel
1179 1996 1326 2040 nescio
1359 1997 1480 2041 cuius
1511 1997 1692 2053 tragici3
1722 2011 1823 2042 nam

121 2079 227 2119 quos
259 2068 388 2111 attuli
419 2070 464 2111 et
493 2068 578 2122 ipsi
608 2069 729 2112 nulla
759 2068 847 2112 alia
877 2068 931 2111 de
962 2080 1098 2110 causa
1138 2067 1222 2110 nisi
1260 2068 1317 2110 ad
1346 2081 1533 2112 vacuum
1563 2069 1823 2122 explendum

120 2137 325 2190 temporis
357 2138 544 2191 spatium
573 2138 691 2180 inter
720 2137 861 2180 nuntii
899 2136 1025 2190 primi
1066 2138 1111 2179 et
1142 2137 1321 2179 secundi
1360 2137 1637 2181 narrationes
1667 2138 1823 2181 inserti

93 2204 275 2263 .sunt.¹)
345 2207 586 2261 Utcumque
633 2209 778 2252 autem
816 2220 888 2251 res
930 2220 977 2251 se
1019 2207 1174 2259 habet,
1221 2209 1340 2250 certe
1386 2207 1593 2261 parodiae
1639 2208 1821 2251 formam

120 2276 291 2320 debent.

261 2429 445 2473 Praeter
473 2430 574 2474 illas
605 2442 713 2484 quas
746 2430 887 2474 adhuc
928 2429 1058 2473 attuli
1097 2432 1248 2485 partes
1288 2431 1359 2475 vel
1401 2443 1586 2475 scaenas
1626 2431 1823 2487 tragicas

119 2512 303 2554 magnus
343 2513 547 2546 numerus
587 2503 737 2545 exstat
777 2500 960 2544 aliarum
1000 2503 1046 2543 et
1086 2500 1261 2544 maioris
1302 2504 1347 2544 et
1387 2501 1565 2547 minoris
1603 2503 1823 2556 circuitus,

121 2582 232 2623 quae
273 2582 329 2615 ex
372 2570 471 2626 ipsa
518 2571 736 2615 actionum
780 2571 1001 2615 varietate
1046 2571 1215 2615 varium
1260 2571 1306 2615 in
1351 2572 1522 2615 modum
1567 2574 1822 2617 nascuntur.

119 2640 391 2696 Tragoediae
441 2641 569 2685 stilus
622 2653 678 2684 ex
727 2640 923 2684 omnibus
974 2640 1138 2694 elucet,
1188 2640 1330 2685 forma
1375 2641 1703 2687 accuratissime
1749 2654 1823 2686 ex-

118 2710 256 2764 polita
285 2712 366 2755 est.
840 2721 843 2722 ’

263 2851 299 2896 1)
324 2851 370 2890 cf.
394 2863 429 2890 v.
453 2851 780 2898 Wilamowitzffli„
809 2852 986 2889 Heracles
1009 2852 1087 2898 11¹,
1119 2862 1182 2898 pg.
1207 2854 1294 2890 98⁸.
1320 2853 1358 2888 in
1384 2853 1626 2891 adnotatione
1659 2855 1707 2891 ad
1731 2856 1825 2891 Her-

120 2909 212 2946 culis
235 2910 382 2948 fabulae
406 2921 534 2948 versus
558 2912 629 2948 286
645 2922 674 2950 s.
