2053 3404
203 487 345 543 magis
377 488 492 531 tales
523 500 679 532 versus
712 488 958 543 elegantius
991 489 1285 534 conformatos
1317 491 1470 547 dignos
1502 503 1611 544 esse,
1644 491 1716 545 qui
1738 504 1914 535 accura-

206 558 295 603 tius
338 559 686 612 considerentur,
727 573 871 603 nonne
913 565 962 604 ut
1002 561 1118 604 inter
1158 564 1392 617 lyricorum
1432 562 1653 606 trimetros
1683 563 1800 616 illos,
1842 563 1915 616 qui

206 629 445 674 admittunt
475 630 732 685 solutiones,
768 630 832 675 ita
862 632 979 677 inter
1010 634 1266 679 comicorum
1298 634 1414 686 illos,
1457 633 1528 687 qui
1560 633 1730 677 omnino
1763 636 1915 678 carent

205 699 510 753 solutionibus,
557 700 742 745 maxime
783 705 1085 748 memorabiles
1132 718 1229 748 esse
1274 704 1594 748 concedendum
1635 704 1736 747 est?
1806 704 1914 767 Mihi

205 770 375 823 quidem
417 784 575 825 operae
612 772 798 826 pretium
830 786 928 819 esse
968 775 1109 819 visum
1150 779 1219 820 est
1251 776 1549 829 quaestionem
1588 776 1818 820 instituere
1861 776 1914 819 de

206 841 454 885 comoediae
486 855 597 896 quae
619 842 785 897 ἀρχαία
810 848 996 889 vocatur
1026 846 1236 890 trimetris
1267 846 1540 892 indissolutis
1561 846 1772 891 —liceat
1802 846 1915 891 enim

205 914 289 957 hac
320 927 429 958 voce
459 914 526 957 uti
558 939 611 945 ——
646 916 720 969 qui
750 917 875 961 nobis
908 918 1076 962 servati
1107 920 1222 973 sunt,
1253 919 1383 973 idque
1415 932 1465 962 eo
1487 919 1640 975 magis,
1672 932 1755 973 quo
1775 918 1916 975 magis

205 984 296 1029 vidi
326 998 414 1030 non
446 998 552 1031 casu
582 986 652 1031 hic
685 988 993 1044 accumuIatos,
1022 989 1095 1034 hic
1124 989 1299 1045 parcius
1331 1002 1405 1034 eos
1437 1002 1536 1034 esse
1568 989 1797 1043 adhibitos,
1838 989 1917 1034 sed

205 1058 325 1101 certo
367 1058 552 1111 quodam
598 1059 778 1103 consilio
826 1064 1060 1104 commotos
1106 1063 1261 1115 poetas
1307 1062 1421 1105 hunc
1467 1062 1538 1106 vel
1580 1061 1700 1106 illum
1740 1073 1916 1106 versum

203 1129 498 1183 composuisse
530 1131 627 1173 arte
659 1130 893 1174 exactiore.

877 1461 1247 1536 Praefatio.

346 1676 565 1732 Quattuor
605 1675 791 1719 trimetri
828 1675 1002 1719 iambici
1044 1675 1321 1720 acatalectici
1362 1675 1528 1721 formae
1560 1690 1587 1721 a
1617 1676 1911 1732 grammaticis

203 1750 594 1792 commemorantur
607 1746 656 1804 ¹),
689 1760 799 1802 quae
832 1760 909 1792 suo
942 1749 1035 1791 iure
1066 1748 1334 1791 reducuntur
1365 1747 1423 1791 ad
1453 1746 1615 1791 formas
1646 1749 1738 1792 tres
1769 1748 1912 1792 nobis-

201 1833 283 1873 que
304 1822 437 1863 notae
459 1820 563 1863 suut
583 1819 665 1862 sub
687 1818 859 1863 nomine
879 1818 1066 1863 trimetri
1096 1818 1224 1874 lyrici
1253 1818 1414 1874 tragici
1445 1818 1606 1862 comici.
1647 1818 1911 1863 Zielinskius

200 1890 362 1945 optime
392 1890 467 1933 ille
499 1890 553 1934 de
585 1889 807 1933 comoedia
838 1889 1019 1934 meritus
1048 1889 1136 1933 iam
1166 1889 1256 1933 tria
1284 1891 1395 1933 haec
1423 1890 1716 1934 trimetrorum
1746 1903 1912 1946 genera

199 1960 245 2004 in
277 1961 500 2005 comoedia
530 1959 713 2015 reperiri
744 1960 950 2016 cognovit
962 1958 1012 2016 2),
1050 1961 1129 2004 sed
1160 1973 1256 2005 cum
1286 1973 1373 2004 non
1405 1960 1653 2005 accuratius
1684 1959 1910 2015 fusiusque

199 2032 343 2087 egerit
358 2032 411 2075 de
427 2032 568 2075 tribus
584 2031 653 2075 his
669 2031 917 2086 generibus,
939 2031 1178 2085 proximum
1197 2031 1299 2085 erit,
1331 2033 1380 2074 ut
1399 2032 1552 2085 paucis
1572 2044 1663 2075 rem
1683 2044 1908 2086 exponam.

343 2104 485 2146 Primi
513 2101 630 2146 illius
651 2101 827 2157 generis
847 2101 1083 2156 trimetros,
1115 2102 1169 2146 de
1191 2102 1346 2156 quibus
1366 2101 1413 2145 in
1432 2103 1529 2146 tota
1548 2103 1633 2146 hac
1652 2101 1909 2157 quaestione

199 2174 304 2218 mihi
334 2188 406 2218 res
438 2174 533 2226 erit,
565 2186 653 2217 non
682 2173 856 2228 lyricos,
888 2174 967 2217 sed
997 2174 1345 2218 indissolutos
1376 2174 1600 2217 nominare
1630 2174 1734 2217 mihi
1763 2173 1909 2226 liceat,

202 2244 360 2307 quippe
392 2258 479 2298 qua
510 2244 805 2299 appellatione
836 2243 1023 2289 dilucide
1055 2258 1202 2289 eorum
1248 2244 1390 2288 forma
1420 2243 1690 2299 significetur
1719 2245 1849 2288 haec:

343 2410 533 2452 Secundo
574 2408 730 2452 deinde
776 2409 929 2464 generi
970 2410 1083 2463 quod
1128 2409 1481 2464 tragicorum
1526 2421 1731 2453 versuum
1770 2421 1909 2465 genus

199 2480 449 2524 nominatur
478 2493 634 2524 versus
665 2480 855 2523 tribuam
885 2481 967 2523 has
997 2480 1266 2535 tragicorum
1294 2480 1418 2534 leges
1448 2492 1535 2522 non
1565 2479 1803 2523 violantes:

482 2550 706 2605 tribrachi,
744 2549 918 2595 etiamsi
948 2563 1005 2595 ex
1035 2550 1325 2606 compluribus
1356 2548 1582 2595 vocabulis
1614 2550 1831 2602 constant,
1863 2548 1908 2592 in

413 2621 596 2677 primam
626 2634 765 2676 usque
797 2621 853 2666 ad
887 2621 1082 2676 quintam
1112 2634 1268 2667 versus
1300 2621 1447 2666 sedem
1479 2619 1780 2673 admittuntur,

342 2762 379 2805 1)
404 2763 587 2807 Quattuor
619 2763 757 2799 formas
789 2762 901 2799 schol.
936 2762 1116 2799 discernit
1148 2763 1195 2799 ad
1226 2761 1429 2809 Hephaest.
1454 2762 1509 2798 VI
1534 2761 1591 2798 ed.
1617 2759 1732 2797 Gaisf.
1757 2771 1792 2805 p.
1819 2761 1907 2795 188:

199 2817 280 2858 τοῦ
302 2815 352 2858 δὲ
377 2813 585 2870 ἶαμβικοῦ
604 2815 769 2884 aaroni)
789 2814 1062 2871 χαρακτῆρὲς
1093 2813 1179 2858 εἶσι
1199 2814 1428 2871 τέσσαρες,
1460 2811 1674 2868 τραγικὸς,
1706 2809 1905 2866 κωμικὰς,
1981 2858 1990 2861 ,,

199 2872 433 2930 σατυρικὸς
470 2874 547 2917 καὶ
577 2889 691 2917 ουτω
722 2876 817 2924 πῶς
848 2871 969 2924 ἰδίως
1005 2872 1237 2929 λεγόμενος
1275 2872 1476 2930 ἰαμβικός
1524 2878 1564 2923 (i.
1594 2888 1626 2916 e.
1667 2876 1803 2923 lyricus
1844 2876 1907 2922 qui

195 2938 408 2975 nominatur
429 2938 626 2983 trimeter).

339 2998 378 3042 2)
402 2999 471 3035 Th.
488 2999 668 3035 Zielinski
692 2999 732 3034 in
747 2999 841 3035 libro
863 2999 926 3044 qui
941 2999 1049 3035 inscr.
1071 2999 1319 3044 „Gliederung
1344 2999 1407 3034 der
1423 2998 1660 3035 altattischen
1676 2994 1903 3036 Komoedie‘}

194 3070 229 3103 p.
255 3060 326 3094 292
338 3069 386 3094 ιι.
1306 3069 1317 3079 ‘
1852 3065 1857 3071 ’
