2053 3404
913 294 1207 339 ..71-

351 426 637 482 Inspiciamus
665 440 780 472 nune
800 427 957 483 parilia
980 426 1189 482 exempla,
1221 426 1274 469 de
1297 423 1451 478 quibus
1472 436 1559 467 non
1580 425 1661 476 est,
1693 435 1771 466 cur
1791 422 1918 476 plura

212 497 426 541 adnotem.
1108 510 1114 514 ·

369 566 416 590 **
430 567 524 611 ἀλλ’
546 566 579 611 (ὅ
600 568 695 624 μέλ’
718 569 896 626 ὀρρωδῶ
917 568 998 612 τὸν
1019 567 1212 625 ἐραστήν
1234 580 1328 609 σου.
1350 603 1397 606 -.
1417 568 1541 618 τίνας
1558 565 1675 608 Eecl.
1708 563 1793 607 994

365 637 411 662 **
424 639 503 682 τὸν
523 644 609 683 τῶν
628 641 831 697 γραφέων
852 639 1048 696 ἄριστον.
1065 677 1112 680 -
1130 633 1258 686 οὗτος
1278 637 1318 680 δ’
1341 636 1436 679 ἔστι
1456 640 1523 684 τίς
1529 653 1546 687 ,·

362 746 410 751 -
425 709 470 759 ὃς
499 713 590 760 τοῖς
620 713 809 767 νεκροῖσι
839 711 1064 766 ζωγραφεῖ
1086 709 1168 758 τὰς
1198 707 1432 765 ληκύθους.

386 800 564 847 *gnae*
585 805 747 865 ἀνάγκη
769 804 850 848 ’στ’
872 804 1130 848 ἀποθανεῖν
1138 819 1156 856 ,·
1177 841 1224 844 -
1245 793 1293 844 εὖ
1321 800 1417 845 ἴσθ’
1441 796 1523 844 ὅτι.
1555 801 1656 845 Pac.
1688 800 1774 844 373

316 874 411 917 —**
425 876 469 925 ές
489 878 704 933 χοιρίδιόν
733 880 816 931 μοί
840 891 919 919 νυν
939 875 1151 918 δάνεισον
1181 875 1295 930 τρεῖς
1316 873 1537 928 δραχμάς·

421 949 496 990 δεῖ
517 947 599 1004 γὰρ
628 951 865 1006 μυηθῆναί
889 963 945 1003 με
976 947 1084 1002 πρὶν
1113 944 1389 1002 τεθνηκέναι.

363 1040 410 1065 **
424 1041 596 1098 ἀναβὰς
617 1041 695 1085 ἐπὶ
715 1041 794 1085 τὸν
813 1042 980 1097 πύργον
1000 1040 1081 1083 τὸν
1101 1039 1278 1098 ὑψηλὸν
1295 1072 1326 1084 ..
1340 1074 1349 1083 .
1366 1042 1414 1081 τί
1431 1040 1545 1096 δρῶς
1559 1040 1670 1082 Ran.
1705 1038 1789 1081 130

341 1111 413 1153 —*
426 1112 669 1169 ἀφιεμένην
699 1112 779 1168 τὴν
809 1110 1010 1165 λαμπάδ’
1041 1110 1252 1153 ἐντεῦθεν
1281 1112 1394 1161 θεῶ,

417 1180 586 1239 κῆπειτ’
618 1181 803 1224 ἐπειδὰν
834 1184 978 1238 φῶσιν
1009 1180 1053 1223 οἱ
1081 1180 1303 1235 θεώμενοι

418 1247 555 1305 ,εἶναιι
586 1251 691 1294 τόθ’
722 1247 838 1295 εἶναι
867 1253 941 1294 καὶ
973 1251 1028 1294 σὺ
1061 1251 1229 1293 σαυτὸν
1246 1285 1256 1295 .
1270 1285 1278 1295 .
1291 1284 1301 1294 .
1318 1287 1364 1291 -
1380 1253 1483 1305 noi]-
1498 1288 1545 1291 -
1560 1251 1692 1292 κάτω.

420 1346 498 1390 οὐκ
530 1346 579 1397 ἐξ
611 1347 709 1389 ἴσου
738 1346 823 1402 γάρ
855 1345 977 1389 ἔστιν
1008 1344 1124 1401 ἁγών
1154 1348 1253 1401 νῷν.
1275 1383 1321 1387 -
1341 1348 1390 1388 τί
1417 1347 1518 1397 δαίς
1559 1346 1670 1389 Ran.
1702 1344 1787 1387 867

313 1417 407 1459 -**
422 1413 490 1460 ὅτι
520 1418 546 1474 ἡ
580 1422 761 1476 ποίησις
792 1417 890 1471 οὐχὶ
922 1416 1196 1475 συντέθνηκέ
1225 1432 1317 1471 μοι,

420 1488 562 1545 τούτῳ
593 1489 644 1533 δὲ
677 1489 991 1547 συντέθνηκεν,
1024 1485 1139 1532 ὥσθ’
1167 1484 1258 1539 <«ἔξει
1288 1488 1440 1543 λέγειν.

383 1583 406 1608 *
420 1582 681 1641 φαυλότατα
700 1584 775 1627 καὶ
797 1582 923 1642 ῥᾷστ’
933 1582 1090 1626 -εἶπέ
1113 1572 1326 1640 &nst-xa}
1347 1583 1402 1640 δὴ
1426 1582 1536 1639 λέγω
1556 1583 1666 1627 Nub.
1698 1582 1784 1627 778

385 1655 461 1697 *εἰ
489 1656 698 1711 πρόσθεν
727 1654 792 1697 ἔτι
821 1658 928 1709 μιᾶς
959 1654 1203 1711 ἐνεστώσης
1235 1657 1371 1711 δίκης,

420 1726 527 1783 πρὶν
557 1724 640 1782 τήν
670 1724 779 1783 ἐμήν
808 1724 1010 1769 καλεῖσθ’
1043 1724 1333 1784 α’παγξαίμην
1363 1726 1540 1782 τρέχων.

206 1835 446 1878 Praeterea
483 1833 537 1878 ef.
568 1834 676 1878 Nub.
708 1831 954 1887 749—752,
986 1831 1244 1888 769-772;
1281 1834 1411 1888 Vesp.
1444 1832 1760 1888 1258—12623
1802 1834 1912 1877 Rau.

204 1904 401 1958 49—51‚
453 1905 575 1949 euius
620 1906 666 1948 in
713 1905 898 1959 exempli
943 1918 1074 1949 versu
1126 1905 1275 1948 ultimo
1322 1906 1505 1949 alteram
1556 1906 1693 1949 solam
1744 1908 1912 1959 partem

204 1979 389 2032 occupat
420 1976 663 2031 artificium,
695 1976 749 2020 de
780 1989 862 2031 quo
895 1976 1076 2032 agimus.

1025 2114 1093 2160 15.

346 2199 650 2243 Pisthetaerus
687 2198 732 2241 in
762 2198 919 2243 Avium
951 2197 1120 2251 fabula,
1161 2200 1210 2241 ut
1252 2198 1459 2242 dissociet
1490 2199 1737 2254 Neptunum
1779 2202 1911 2254 atque

132 2289 134 2292 ·
204 2271 450 2325 Herculem,
480 2272 591 2315 haee
622 2271 749 2313 docet
778 2270 1032 2313 Herculem:

418 2336 546 2392 οὗτος
577 2340 600 2383 ὁ
631 2340 863 2383 Ποσειδῶν
892 2373 903 2385 .
925 2373 934 2384 .
957 2373 968 2384 .
1554 2341 1636 2385 AV.
1669 2340 1783 2384 1657

417 2410 667 2461 ἀνθέξεταί
694 2422 776 2453 σου
805 2412 893 2453 τῶν
922 2410 1142 2467 πατρῴων
1171 2411 1406 2469 χρημάτων

416 2481 601 2536 φάσκων
630 2479 828 2536 ἀδελφὸς
859 2479 994 2530 αὐτὸς
1024 2474 1138 2523 εἶναι
1166 2481 1356 2538 γνήσιος.

201 2553 343 2595 Lente
375 2553 506 2606 atque
538 2551 743 2595 distinete
773 2551 977 2605 loquatur
1007 2563 1189 2595 necesse
1221 2554 1290 2595 est
1321 2552 1413 2605 ille,
1455 2551 1528 2606 qui
1560 2552 1723 2606 aliquid
1756 2553 1911 2597 docere

201 2623 273 2668 vel
319 2622 537 2677 explicare
584 2622 743 2667 studet.
812 2622 910 2666 Non
948 2621 1084 2678 igitur
1129 2622 1282 2667 mirum
1331 2625 1400 2667 est
1456 2623 1657 2668 versibus
1705 2637 1801 2668 eum
1847 2626 1912 2668 uti

201 2693 486 2737 indissolutis.
547 2693 817 2748 Quaeramus
849 2692 1028 2736 similia:

414 2762 510 2805 ἀλλ’
542 2762 640 2818 οὐχὶ
669 2765 816 2820 χοῖρος
846 2762 1095 2821 τάφροδίτῃ
1125 2764 1302 2809 θύεται.
1554 2766 1661 2809 Aah.
1694 2764 1780 2809 793

413 2834 439 2889 ἡ
472 2833 641 2890 γλῶττα
671 2834 801 2890 χωρὶς
831 2834 1047 2887 τέμνεται.
1078 2871 1125 2876 -
1154 2835 1440 2892 μεμνήμεθα.
1554 2837 1657 2880 Pac.
1691 2836 1806 2879 1060

415 2903 510 2946 ἀλλ’
543 2900 622 2947 οῧν
653 2903 709 2947 σὺ
738 2902 924 2962 μέμνησ’
956 2898 1084 2954 οὗτος
1114 2904 1401 2963 ἁπεκρίνατο.
1557 2908 1687 2962 Vesp.
1721 2907 1835 2951 1433

412 2975 613 3036 μέμνησο
643 2978 793 3018 τοίνυν
822 2971 1012 3031 τοῦνομ’.
1041 3011 1089 3017 .-
1117 2976 1419 3033 Ἀρταμουξία.
1555 2979 1728 3033 Thesm,
1755 2977 1866 3022 1201
