2053 3404
785 231 1078 278 -65-

81 373 258 406 numero
288 362 536 408 indissoluti
567 364 812 420 decurrunt,
844 365 998 421 quibus
1031 366 1190 421 optime
1221 368 1353 422 poeta
1385 365 1602 420 expressit
1623 365 1784 410 severi-

80 436 217 475 tatem
249 433 454 477 minantis
487 438 617 489 atque
648 437 765 480 lente
798 438 973 493 singula
1002 439 1141 481 verba
1170 437 1510 491 pronuntiantis.

294 498 323 559 ἦ
353 503 441 561 μὴν
472 504 527 547 σὺ
557 505 722 550 τούτων
751 509 812 562 τῷ
841 507 984 564 χρόνῳ
1014 507 1172 557 δώσεις
1204 508 1342 564 δίκην.
1398 507 1508 550 Nub.
1542 505 1655 549 1242

294 573 320 629 ἢ
352 575 453 631 σφώ
485 577 658 632 ποιήσω
687 578 877 634 τήμερον
907 580 1064 621 δοῦναι
1094 579 1222 634 δίκην
1254 612 1264 622 .
1286 611 1296 621 .
1319 611 1328 621 .
1400 578 1514 620 Plut.
1546 577 1630 619 433

787 649 889 698 ἴσως
910 648 1001 705 ,γάρ
1032 652 1108 690 τοί
1134 663 1247 690 ποτε
1401 649 1512 692 Ran.
1544 647 1629 691 532

295 716 403 770 ἐμοῦ
434 720 641 776 δεηθείης
672 716 743 772 ἄν,
775 718 816 761 εἰ
843 719 955 768 θεός
985 719 1131 762 θέλοι.

81 800 319 842 Praeterea
350 800 539 844 eiusdem
571 803 745 857 generis
776 816 932 846 versus
964 804 1144 846 exstant
1173 803 1240 845 hi:

293 865 321 924 ἦ
350 869 439 926 μὴν
470 870 525 913 σύ
555 873 726 921 τούτοις
755 875 816 928 τῷ
846 873 989 929 χρόνῳ
1019 871 1122 915 ποτ’
1153 871 1356 926 ἀχθέσει.
1399 872 1509 916 Nub.
1541 873 1626 915 865

293 944 453 984 τοῦτον
484 943 535 985 δέ
565 942 601 997 γ’
634 938 720 998 οἶμ’
751 943 830 998 ἐγώ
863 946 1101 997 χεσεῖσθαι
1131 943 1336 999 τήμερον.
1400 944 1529 997 Vesp.
1561 943 1642 986 941

294 1011 434 1055 πάλιν
462 1012 514 1056 τι)
547 1014 725 1056 ἀποισῶ
755 1014 830 1056 ναὶ
859 1013 939 1056 τὸν
961 1014 1126 1070 Ἑρμᾶν
1157 1013 1337 1063 οἴκαδις.
1402 1015 1507 1057 Aah.
1540 1013 1626 1057 779

218 1228 491 1282 Megarensis
537 1229 661 1271 homo
702 1229 748 1271 in
788 1230 1143 1273 Acharnensibus
1190 1229 1478 1284 negotiatoris
1524 1230 1568 1272 in
1614 1230 1782 1272 modum

79 1298 278 1351 por-culos
310 1298 532 1341 collaudat
563 1311 616 1341 ac
646 1298 864 1343 venditat:

859 1368 976 1411 ἀλλὰ
1005 1370 1100 1423 μὰν
1128 1369 1273 1412 καλαί.
1400 1371 1507 1414 Ach.
1540 1370 1625 1413 765

292 1436 492 1481 ἄντεινον
523 1438 572 1482 αἶ
599 1439 655 1497 λῇ
667 1455 677 1465 ·
709 1439 766 1488 ὡς
795 1442 963 1493 παχεῖα
991 1440 1067 1481 καὶ
1097 1439 1225 1484 καλὰ.

220 1522 417 1565 Eundem
455 1522 499 1565 in
541 1523 709 1566 modum
742 1523 946 1567 Socrates
986 1523 1303 1567 institutionem
1346 1537 1469 1567 suam
1511 1524 1783 1566 commendat

79 1593 263 1636 Nubium
294 1593 494 1638 versibus

291 1667 469 1720 πρῶτον
497 1665 580 1719 μὲν
610 1658 723 1706 εἶναι
751 1662 930 1722 κομψόν
962 1664 1010 1707 ἐν
1041 1668 1255 1721 συνουσίᾳ
1399 1665 1508 1708 Nub.
1540 1663 1626 1707 649

292 1734 502 1778 ἐπαΐονθ’
534 1734 693 1785 ὁποῖός
723 1734 819 1777 ἐστι
848 1738 936 1778 τῶν
968 1735 1153 1791 ῥυθμῶν
1181 1752 1220 1778 κ.
1241 1751 1279 1778 τ.
1302 1736 1342 1778 λ.

219 1819 456 1863 Praeterea
495 1818 541 1862 in
582 1817 947 1873 comparationem
991 1831 1146 1864 vocare
1182 1818 1286 1863 licet
1315 1819 1559 1874 Vesparum
1596 1831 1783 1871 versum,

77 1902 159 1941 quo
181 1889 416 1944 Bdelycleo
447 1888 576 1943 patri,
608 1901 719 1943 quae
750 1888 870 1933 domi
893 1890 1010 1934 bona
1040 1889 1142 1943 sint,
1173 1889 1366 1934 ostendit
1388 1891 1519 1943 atque
1541 1889 1783 1933 collaudat:

293 1958 399 2016 ὁρᾷς
431 1954 539 2002 ὅσον
569 1959 644 2001 καὶ
673 1961 807 2002 τοῦτο
838 1960 954 2014 δῆτα
983 1961 1217 2015 κερδανεῖς.
1399 1961 1530 2014 VeSp.
1562 1957 1664 2002 796.

219 2044 382 2086 Horum
415 2056 582 2096 quoque
614 2056 816 2086 versuum
849 2042 989 2085 forma
1028 2043 1267 2086 recitantes
1310 2043 1513 2095 adiuvat;
1555 2042 1781 2096 graviores

77 2126 158 2156 nec
189 2126 272 2156 non
306 2113 531 2158 suaviores
562 2112 607 2155 hi
638 2112 824 2156 trimetri
854 2112 1103 2156 indissoluti
1134 2112 1310 2156 auribus
1342 2112 1650 2167 percipiuntur.

906 2253 946 2297 8.

218 2324 561 2368 Acharnensium
593 2323 788 2367 fabulam
819 2335 952 2378 supra
982 2323 1107 2367 nobis
1138 2323 1509 2378 perlustrantibus
1552 2323 1613 2379 (v.
1646 2325 1781 2378 praef.

75 2393 100 2450 ξ
133 2393 180 2450 2)
212 2394 328 2438 inter
359 2394 467 2437 alios
499 2407 653 2439 versus
685 2393 984 2437 memorabiles
1017 2396 1334 2448 apparuerunt:

286 2477 410 2519 τουτὶ
440 2475 590 2533 λαβὼν
621 2474 777 2531 ἄπειμι
806 2474 885 2518 κού
916 2474 1124 2532 πρόσειμ’
1155 2474 1241 2519 ἱἑτι·
1399 2477 1505 2519 Ach.
1538 2475 1624 2518 468

288 2547 343 2596 ὥς
372 2548 447 2591 ναὶ
477 2545 558 2590 τὸν
580 2546 759 2604 Ἑρμᾶν,
791 2546 915 2602 εἴπερ
947 2544 1071 2596 ἱξεῖτ’
1105 2546 1288 2600 οἴκαδις,
1397 2547 1502 2589 Ach.
1536 2546 1621 2589 742

286 2617 344 2661 τὰ
375 2620 528 2675 πρᾶτα
558 2618 852 2674 πειρασεῖσθε
882 2618 962 2666 τᾶς
993 2616 1105 2672 λιμῶ·
1134 2620 1287 2667 κακῶς.

72 2700 154 2743 His
196 2695 395 2745 versibus
438 2702 483 2743 et
512 2699 787 2754 Dicaeopolis
818 2701 863 2742 et
893 2690 1168 2754 Megarensis
1214 2700 1338 2742 homo
1381 2702 1534 2743 sancte
1577 2700 1783 2743 adim-aut

73 2785 121 2815 se
154 2773 233 2815 hoc
274 2772 343 2816 vel
385 2771 493 2815 illud
533 2771 729 2815 facturos
771 2783 870 2814 esse
910 2770 1059 2825 itaque
1100 2783 1251 2815 vocem
1292 2771 1446 2814 tollere
1488 2772 1629 2815 coacti
1668 2777 1782 2825 sunt,

72 2842 254 2888 Adiuvit
298 2854 403 2886 vero
449 2846 581 2897 poeta
624 2841 864 2885 recitantes
915 2841 1065 2885 eodem
1118 2841 1242 2884 modo
1295 2854 1376 2895 quo
1428 2841 1473 2886 in
1521 2843 1782 2897 antepositis

73 2913 281 2967 exemplis
312 2925 410 2958 eum
439 2925 529 2955 rem
562 2913 707 2967 egisse
738 2912 936 2956 vidimus.
999 2913 1268 2967 Quaeramus
1300 2912 1460 2956 similia

1540 2998 1562 3030 8
