2053 3404
778 256 1069 301 ..45-

228 383 363 426 **καὶ
391 386 668 440 μυρρινῶνας
696 385 770 426 καὶ
800 384 994 433 θιάσους
1024 383 1289 439 εὐδαίμονας

287 453 462 512 ἀνδρῶν
489 457 699 509 γυναικῶν
728 456 803 498 καὶ
831 454 991 511 κρότον
1021 457 1177 511 χειρῶν
1208 454 1361 497 πολύν.

289 519 426 574 οὗτος.
447 563 495 566 -
514 528 563 567 τί
589 521 737 579 ἕστινς
757 563 805 568 ..
827 524 878 568 οὔ
907 526 1181 582 κατήκουσας
1189 541 1206 576 ,·
1228 563 1274 567 ᾖ
1295 528 1412 573 τίνος
1420 542 1437 577 ,·
1528 526 1611 569 312

227 594 434 639 -αὐλῶν
464 598 618 651 πνοῆς.
640 633 688 637 .-
709 594 850 651 ἔγωγε,
881 596 955 637 καὶ
986 595 1136 651 δᾴδων
1165 595 1212 649 γὲ
1243 611 1299 649 με

288 663 405 721 αὔρα
433 680 498 714 τις
528 663 789 708 εἰσέπνευσε
818 665 1139 722 μυστικωτάτη.

251 734 406 778 *τοῦτ’
436 734 528 778 ξέστ’
559 734 684 778 ἐκεῖν’
715 731 749 777 ὦ
780 734 991 779 δέσποθ’.
1024 734 1068 777 οἱ
1094 736 1367 793 μεμυημένοι
1530 736 1615 779 318

289 805 489 850 ἐνταῦθά
521 821 611 849 που
641 806 894 859 παίζουσιν,
928 804 1002 856 οὓς
1034 803 1196 862 ἔφραζε
1226 808 1326 861 νῷν.

215 887 282 933 De
313 891 442 933 choro
473 903 678 933 ranarum
708 902 863 933 versus
894 892 1052 944 agunt:

634 994 644 1005 .
667 952 692 1005 ·,
708 957 851 1017 ῥᾷστ’·
883 958 1063 1003 ἀκούσει
1092 958 1174 1016 γάρ
1204 958 1315 1018 μέλη
1529 959 1626 1005 205·

287 1030 486 1073 κάλλιστ’
516 1031 702 1073 ἐπειδάν
733 1030 925 1087 ἐμβάλῃς
955 1026 1096 1080 ἅπαξ.
1118 1068 1165 1072 -
1185 1034 1342 1081 τίνων,·

207 1099 278 1144 -*
288 1101 653 1159 βατραχοκύκνων
682 1090 944 1157 θαυμαστά.

665 1217 946 1277 Lysistrata.
1008 1216 1188 1267 Plutus·

217 1303 271 1346 In
300 1302 580 1357 Lysistratae
621 1302 773 1346 fabula
802 1303 950 1357 magni
979 1303 1185 1346 momenti
1224 1305 1321 1346 erat
1360 1303 1579 1357 explicare
1611 1302 1778 1345 audito-

79 1373 197 1417 ribus
237 1385 325 1416 non
355 1373 493 1416 solum
522 1373 815 1417 Athenienses
856 1373 934 1417 sed
963 1373 1096 1417 etiam
1127 1374 1317 1417 Boeotas
1349 1373 1546 1427 aliasque
1576 1373 1778 1417 mulieres

80 1445 369 1488 conventurus
400 1456 511 1488 esse.

290 1509 346 1570 ἢν
361 1513 427 1556 δὲ
460 1512 702 1564 ξυνέλθωσ’
734 1530 782 1556 αι
810 1516 1005 1570 γυναῖκες
1036 1513 1200 1558 ἐνθαδὶ
1393 1516 1496 1571 Lys.
1529 1515 1584 1559 39

255 1584 350 1628 *αἶ’
370 1584 408 1627 τ’
439 1584 487 1627 ἐκ
514 1588 725 1628 Βοιωτῶν
755 1584 814 1629 αἶ’
832 1601 881 1628 τε
909 1585 1281 1643 Πελοποννησίων

293 1655 416 1712 ἡμεῖς
445 1672 510 1714 τε,
540 1659 665 1714 κοινῇ
695 1656 898 1712 σώσομεν
928 1656 1009 1713 τὴν
1032 1654 1241 1700 Ἑλλάδα.

219 1741 272 1784 In
292 1740 410 1783 Pluti
440 1740 592 1784 fabula
622 1743 752 1794 poeta
782 1744 828 1784 et
858 1754 913 1784 ex
938 1740 1147 1785 divitibus
1177 1744 1223 1784 et·
1244 1755 1298 1784 ex
1319 1741 1582 1795 pauperibus
1604 1742 1780 1783 chorum

82 1822 334 1864 componere
373 1813 559 1865 poterat.
620 1811 738 1866 Quos
778 1824 883 1855 vero
925 1811 1009 1854 sibi
1049 1811 1251 1866 elegerit,
1293 1811 1614 1866 spectatoribus
1656 1824 1779 1865 prae-

83 1879 186 1923 dicit
215 1880 415 1925 versibus
445 1878 533 1925 218
554 1894 612 1925 ss.

292 1949 454 1993 πολλοὶ
485 1951 526 1994 δ’
556 1948 736 1994 ’ἔσονται
765 1950 957 2037 xcivaesgun²⁵
973 1955 1061 2006 νῷν
1093 1952 1331 2007 ξύμμαχοι,

295 2013 418 2078 ὅσοις
449 2023 635 2072 δικαίοις
666 2018 791 2066 οῧσιν
822 2022 898 2066 οὐκ
928 2019 982 2080 ἦν
1013 2021 1194 2079 α’λφιτα.

234 2095 455 2136 -παπαῖ
478 2094 698 2152 πονηρούς
726 2092 762 2149 γ’
794 2089 923 2143 εἶπας
952 2094 1059 2151 ἡμῖν
1090 2094 1357 2149 συμμάχους.

235 2202 282 2206 -
296 2161 373 2207 οὐκ
401 2162 457 2221 ἤν
485 2181 531 2221 γε
562 2164 873 2222 πλουτήσωσιν
903 2165 952 2215 ἐξ
983 2164 1121 2221 ἀρχῆς
1152 2163 1303 2206 πάλιν.

223 2366 317 2409 Iam
348 2367 459 2411 satis
500 2367 624 2426 nobis
666 2366 720 2410 de
751 2368 881 2410 choro
913 2368 1059 2410 aetum
1090 2366 1159 2409 sit.
1220 2366 1371 2409 Denuo
1408 2365 1583 2409 fabulas
1614 2365 1782 2409 Aristo-

82 2435 275 2487 phaneas
316 2437 614 2491 perquiramus
656 2441 787 2491 atque
827 2437 1009 2492 primum
1053 2437 1223 2491 quidem
1263 2437 1421 2480 iterum
1462 2437 1782 2480 consideremus

83 2501 428 2552 Acharnensium
458 2521 528 2553 vv.
560 2507 645 2552 739
668 2521 726 2553 ss.
757 2507 832 2564 (ef.
863 2521 934 2563 pg.
967 2505 1042 2564 13)

294 2581 451 2634 χοίρως
479 2578 562 2634 γάρ
593 2578 674 2634 ὑμὲ
707 2578 936 2633 σμευάσας
966 2581 1098 2634 φασῶ
1130 2577 1265 2634 φέρεν
1287 2611 1296 2622 .
1319 2613 1327 2622 .
1350 2612 1359 2622 .
1402 2580 1506 2621 Aah.
1540 2578 1624 2621 739

298 2646 392 2691 ἀλλ’
423 2648 691 2706 ἀμφίθεσθε
720 2651 795 2694 καὶ
824 2650 929 2693 ταδὶ
959 2649 1017 2692 τά
1049 2650 1202 2706 ῥυγχία
1539 2649 1625 2693 744

296 2716 502 2777 κῆπειτεν
534 2720 578 2771 ἐς
606 2720 687 2763 τὸν
718 2721 883 2764 σάκκον
914 2717 988 2764 ὧδ’
1021 2720 1249 2776 ἐσβαίνετε

298 2784 417 2840 ὁπως
448 2789 500 2835 δὲ
529 2793 792 2848 γρυλλιξεῖτε
820 2794 895 2835 καὶ
925 2794 1094 2842 κοΐξετε

297 2858 474 2919 χήσεῖτε
504 2864 659 2919 φωνὰν
688 2867 865 2919 χοιρίων
892 2866 1178 2922 μυστηρικῶν.

86 2926 139 2972 In
167 2933 438 2985 pomulorum
469 2934 633 2990 figuras
664 2935 938 2991 Megarensis
969 2936 1093 2978 homo
1123 2935 1237 2978 filias
1268 2938 1499 2989 permutat
