2053 3404
725 269 1086 335 ·-53-2-

267 400 535 444 *ὑπόκυπτε
564 400 648 443 τ’ἀν
678 399 818 442 τύλαν
849 399 926 442 ἰών
950 398 1176 454 Ἰσμήνιχε.
1405 401 1509 443 Aah.
1540 399 1625 443 954

300 472 375 514 καὶ
403 470 492 528 μὴν
521 468 665 526 ’ἔνεγκ’
683 470 842 520 αὐτοὺς
872 469 965 523 ἰών,
998 468 1051 512 ἵν’
1083 469 1236 513 οὑτοσὶ
1405 470 1513 522 Equ.
1544 470 1629 512 970

301 542 447 584 αὐτῶν
477 542 667 598 ἀκούσῃ·
696 559 733 586 κ.
753 558 791 586 τ.
811 541 849 585 λ.
929 562 939 569 ·

512 616 669 661 οὔκουν
689 653 699 664 .
721 654 731 663 .
753 654 762 663 .
783 617 1054 674 μεταθρέξει
1082 617 1193 671 ταχύ
1216 652 1226 662 .
1249 653 1257 661 .
1280 634 1315 671 .;
1405 618 1506 660 Pac.
1537 616 1620 659 261

299 688 426 745 ἔγωγε
455 689 508 745 νὴ
540 688 628 733 Ζί’.
660 688 700 731 εἰ
729 688 779 731 δὲ
809 688 889 744 μή,
920 686 990 743 ’γώ
1020 687 1281 743 κλαύσομαι.

298 766 394 807 ἀλλ’
424 766 560 819 εἴσαγ’
592 766 648 814 ὥς
677 767 869 819 τάχιστα
898 766 1081 821 ταυτηνὶ
1111 765 1272 819 λαβών.
1403 766 1505 806 Pac.
1537 763 1622 805 842

298 836 377 892 ἐγώ
410 835 449 879 δ’
472 833 629 892 ἄπειμι
648 874 696 879 ,-
716 836 850 891 δεῦρο’
882 849 960 878 νυν
991 830 1025 876 οῗ
1051 834 1224 892 Θρᾷτθ’
1244 830 1370 879 ἕπου.
1401 835 1572 878 Thesm.
1605 831 1690 875 279

297 908 392 949 ἀλλ’
409 907 453 957 ἒς
467 908 520 949 τὸ
536 908 737 961 πρόσθε·
759 910 868 964 χρῆν
884 906 1055 960 παρεῖν’
1073 906 1116 954 ἐς
1131 906 1212 961 τὴν
1227 906 1386 948 πύκνα.
1400 907 1510 958 Equ.
1543 905 1621 947 751

296 978 429 1034 ἴωμεν
459 977 503 1027 ἐς
531 977 611 1021 τὸν
642 966 863 1033 δῆμονζ-
886 976 1017 1021 οὐδὲν
1045 976 1213 1020 κωλύει.
1398 977 1507 1031 Equ.
1541 974 1626 1019 723

222 1036 232 1041 ”
294 1046 617 1107 (...ἅνιππον).
640 1047 734 1091 ἀλλ’
752 1049 925 1103 εἴσειμι,
948 1050 1031 1090 σοῦ
1053 1047 1092 1090 δ’
1111 1047 1162 1090 οὐ
1180 1050 1385 1103 φροντιῶ.
1398 1048 1508 1091 Nub.
1543 1046 1626 1090 125

297 1119 412 1176 ἀτὰρ
442 1119 621 1175 μέτειμί
645 1119 680 1175 γ’
712 1118 862 1165 αὐτόν.
894 1116 949 1175 ἢν
979 1118 1031 1163 δὲ
1060 1118 1121 1175 μὴ
1155 1118 1286 1175 θέλῃ,
1355 1159 1358 1164 ,
1399 1119 1508 1162 Nub.
1540 1117 1623 1161 801

298 1190 375 1233 οὐκ
402 1188 508 1233 ’ἐσθ’
542 1186 661 1240 ὅπως
693 1189 769 1233 οὐκ
800 1189 934 1240 ἐξελῶ
966 1189 1002 1231 ’κ
1032 1192 1109 1246 τῆς
1141 1188 1292 1238 οἰκίας.

363 1257 383 1270 ’
651 1266 823 1322 ἄπειμι,
854 1268 928 1309 καὶ
959 1266 1077 1309 τοῦτ’
1111 1266 1205 1310 ἴσθ’
1239 1261 1307 1308 ὅτι
1403 1267 1512 1310 Nub.
1546 1265 1660 1309 1254

236 1337 428 1395 **θήσω
459 1337 689 1395 πρυτανεῖ’
720 1335 747 1394 ἢ
777 1337 931 1395 μηκέτι
962 1338 1075 1395 ζῴην
1106 1336 1198 1392 ἐγώ.

296 1415 391 1457 ἀλλ’
421 1415 623 1458 ἐκποδών
654 1411 812 1469 ἄπειμι
841 1416 949 1469 πρὶν
980 1414 1147 1472 πληγὰς
1177 1415 1340 1470 λαβεῖν.
1402 1417 1532 1470 Vesp.
1566 1415 1679 1459 1325

296 1485 375 1541 ἐγώ
407 1486 473 1539 δὲ,
503 1487 632 1539 μισεῖ
653 1485 740 1541 γάρ
767 1484 828 1538 μ’,
860 1483 1012 1539 ἄπειμ’
1044 1485 1093 1535 ἐξ
1125 1485 1346 1539 ὀμμάτων.
1398 1488 1558 1541 Phryn.
1591 1487 1643 1530 fr.
1676 1487 1729 1529 81
1749 1486 1783 1543 1)

295 1556 374 1611 ἐγώ
406 1555 446 1598 δ’
477 1555 554 1598 ἐπὶ
585 1554 798 1610 σπλάγχν’
830 1550 918 1609 εἶμι
947 1557 1023 1597 καὶ
1053 1555 1306 1611 θυλήματα.
1396 1559 1495 1601 Pae.
1531 1557 1646 1601 1040

259 1626 391 1669 *ἀλλ’
413 1626 526 1669 εὐθὺ
557 1626 727 1676 πόλεως
758 1621 865 1681 εἶμι’
897 1629 1042 1669 θῦσαι
1070 1627 1151 1683 γάρ
1179 1642 1236 1682 με
1267 1629 1342 1670 δεῖ
1395 1629 1549 1684 Eupol.
1581 1629 1633 1673 fr.
1668 1629 1752 1673 183

292 1697 414 1754 κριὸν
444 1697 569 1755 Χλόῃ
598 1697 807 1755 Δήμητρι.

294 1774 373 1829 ἐγώ
406 1773 457 1816 δὲ
488 1773 653 1816 δοίδυκ’
685 1773 832 1816 εἰσιὼν
863 1775 1120 1830 ποιήσομαι,
1397 1778 1497 1820 Pae.
1533 1777 1620 1820 288

295 1843 390 1887 ἄλλ’
422 1841 569 1887 εἶσιών
598 1847 659 1899 τῷ
688 1845 902 1901 κανθάρῳ
934 1844 1064 1887 δώσω
1094 1847 1224 1888 πιεῖν.
1400 1848 1501 1892 Pac.
1534 1847 1589 1891 49

955 1915 1034 1970 ἐγώ
1067 1915 1106 1959 δ’
1139 1916 1214 1959 ἶὼν

292 1987 460 2043 πέμψω
490 1985 729 2029 πλακοῦντ’
760 1986 804 2036 ἐς
836 1986 1036 2044 ἑσπέραν
1066 1992 1283 2043 χαρίσιον.
1398 1990 1533 2034 Arist.
1565 1991 1619 2035 fr.
1652 1990 1738 2034 202

293 2059 437 2113 ἴωμεν.
468 2057 576 2114 ἡγοῦ
606 2059 660 2115 δὴ
696 2058 751 2101 σὺ
781 2062 869 2113 νῷν
898 2058 1151 2117 τύχάγαθῇ.
1398 2066 1479 2107 AV.
1512 2062 1598 2105 675

256 2129 494 2185 *ἀπίωμεν
523 2128 646 2186 ἡμεῖς
677 2129 734 2179 ὥς
763 2129 936 2184 τάχιστ’
968 2129 1200 2172 ἐντευθενί
1392 2135 1474 2177 Av.
1510 2133 1624 2177 1056

290 2201 510 2249 θύσοντες
541 2200 644 2242 εἴσω
674 2202 766 2249 τοῖς
796 2202 948 2243 θεοῖσι
977 2201 1056 2243 τὸν
1086 2201 1260 2256 τράγον.

288 2276 364 2320 καὶ
378 2275 468 2335 μὴν
482 2278 663 2333 βαδίζω.
678 2316 726 2320 -
742 2277 913 2321 σπεῦδέ
928 2292 1017 2323 νυν.
1034 2316 1081 2321 -
1097 2277 1215 2322 τοῦτ’
1233 2277 1341 2321 αὐτὸ
1360 2281 1461 2334 δρῶ.
1494 2282 1607 2326 Plut.
1634 2282 1720 2326 414

291 2382 301 2392 .
322 2382 333 2393 .
354 2382 364 2392 .
385 2348 442 2389 τά
474 2347 511 2390 τ’
534 2345 649 2389 ἄλλα
680 2349 832 2391 πάντα
861 2349 1151 2403 κᾶποδεῖρασ’
1184 2350 1361 2403 οἴχεται.
1397 2353 1500 2406 LyS.
1532 2352 1618 2396 952

293 2417 388 2460 ἀλλ’
421 2418 588 2473 οἴχεται
618 2418 801 2475 φεύγων,
834 2418 884 2462 ὃν
914 2414 1025 2474 εἶχες
1054 2420 1267 2477 μάρτυρα.
1396 2423 1510 2467 Plut.
1542 2422 1627 2467 933

290 2484 403 2546 αὕτη
433 2488 515 2543 μὲν
545 2489 650 2544 ἡμῖν
679 2489 945 2545 ἡπίτριπτος
978 2490 1155 2544 οἴχεται.
1395 2494 1508 2537 Plut.
1542 2494 1625 2536 619

291 2561 428 2610 δείξει
459 2559 558 2615 τάχ’
590 2559 740 2612 αὐτός,
772 2559 830 2608 ὥς
861 2557 975 2615 ἔγωγ’
1006 2560 1273 2618 ἀπέρχομαι.
1396 2565 1514 2608 Eccl.
1547 2564 1632 2608 935

325 2665 335 2676 .
356 2665 366 2675 .
398 2630 590 2686 ε’μαυτὸν
622 2629 680 2680 εἷς
710 2630 914 2673 ἄπωλίαν
945 2630 1194 2688 οἰχήσομαι.
1397 2637 1510 2680 Plat.
1542 2637 1595 2680 fr.
1629 2636 1712 2679 199

289 2702 547 2757 πωτάομαι·
579 2702 794 2758 κράτιστα
822 2701 905 2757 γὰρ
935 2705 1087 2760 παντᾷ
1117 2703 1263 2759 λὲγεις.
1394 2708 1497 2762 LyS.
1531 2706 1644 2751 1013

290 2771 370 2828 ἐγὼ
402 2772 441 2816 δ’
472 2773 734 2830 ὖπαντῆσαί
759 2772 795 2828 γ’
827 2773 1006 2822 ἐκείνοις
1035 2774 1264 2829 βούλομαι.
1394 2778 1506 2822 Plut.
1539 2778 1626 2822 770

219 2960 256 3004 1)
280 2962 337 3000 De
361 2962 431 3000 hoc
453 2973 561 3000 versu
585 2962 632 3000 of.
657 2973 719 3009 ΡΒ.
745 2965 801 3001 28.
