2053 3404
860 234 1158 279 -76-

365 367 441 408 καὶ
460 366 543 422 γὰρ
563 364 832 422 Προμηθεύς
860 364 982 406 ἐστιν
1003 364 1265 421 ἀνθρώποις
1288 366 1312 407 ὅ
1333 368 1450 414 νοῦς.
1483 366 1596 409 Plat.
1627 364 1680 408 fr.
1713 363 1797 407 136

368 437 416 480 ἒν
445 439 508 491 τῷ·
536 435 723 491 καπήλῳ
758 438 861 484 νοῦς
893 435 1059 478 ἐνεῖναί
1085 450 1163 489 μοι
1194 437 1326 479 δοκεῖ.
1481 438 1595 481 Plat.
1626 436 1679 480 fr.
1712 434 1809 489 174,
1838 434 1864 478 4

366 507 536 562 λύχνων
564 504 648 562 γὰρ
681 505 815 561 ὄςμᾶς
847 504 898 548 οὐ
930 505 1113 562 φιλοῦσι
1144 508 1364 562 δαίμονες.
1481 505 1864 560 Plat.fr.1174,15

367 578 393 633 ἢ
425 579 535 631 τρὺξ
567 575 753 633 ἄριστόν
784 577 906 619 ἐστιν
937 575 998 626 εἷς
1028 577 1277 632 εὐβουλίαν.
1481 580 1642 633 Theop.
1663 578 1716 622 fr.
1747 577 1816 630 62,
1838 577 1864 620 4

367 650 436 698 δὶς
466 649 628 698 παῖδες
659 646 704 690 οἱ
730 647 929 703 γέροντες
962 646 1088 704 ὀρθῷ
1118 650 1180 703 τῷ
1210 647 1335 704 λόγῳ.
1479 650 1640 704 Theop.
1671 648 1724 693 fr.
1756 647 1812 692 69

361 718 531 775 σφόδρ’
562 718 784 774 εὖάγωτόν
815 718 935 762 ἐστιν
966 718 993 774 ἡ
1028 723 1237 778 πονηρία.
1481 721 1671 764 Demetr.
1694 720 1746 763 fr.
1769 719 1864 772 4,1.

298 804 482 848 Praeter
513 802 698 846 formam
718 814 936 856 versuum,
969 814 1076 856 quos
1099 802 1240 855 attuli,
1270 802 1501 846 multitudo
1523 815 1691 856 quoque
1711 815 1867 846 memo-

152 875 305 918 rabilis
337 877 407 918 est
438 873 768 926 sententiarum,
806 886 917 926 quae
949 873 995 916 in
1026 873 1144 916 Pluti
1174 873 1328 916 fabula
1356 873 1649 917 inveniuntur.
1710 874 1864 916 Postu-

152 945 264 990 lavit
295 958 403 989 sane
434 944 546 988 talia
576 943 704 987 liuius
726 943 904 988 fabulae
928 946 1241 999 argumentum,
1274 942 1399 987 simul
1421 956 1526 988 vero
1547 943 1863 998 respiciendum

153 1019 222 1059 est
254 1018 402 1059 aetate
433 1015 749 1069 provectiorem
781 1015 1120 1069 Aristophanem
1151 1014 1289 1057 fuisse
1321 1027 1414 1057 cum
1448 1027 1544 1058 eam
1575 1014 1798 1058 scriberet.

295 1218 388 1260 Iam
421 1217 477 1260 ad
505 1217 635 1260 finem
665 1216 942 1271 pervenimus
974 1215 1243 1269 quaestionis
1275 1228 1397 1259 meae
1429 1214 1567 1270 partis
1599 1215 1711 1269 eius,
1753 1228 1863 1269 quae

154 1287 239 1331 fuit
271 1288 323 1330 de
355 1287 565 1331 trimetris
598 1286 809 1331 sermonis
842 1285 1106 1342 gravitatem
1138 1286 1279 1330 forma
1309 1285 1565 1341 expolitiore
1588 1285 1865 1342 augentibus.

154 1359 296 1402 Multa
328 1358 515 1401 artificia
547 1357 688 1410 attuli,
720 1358 797 1401 sed
829 1357 914 1401 etsi
944 1357 1154 1401 nonnulla
1185 1357 1326 1400 adhuc
1356 1357 1400 1400 in
1433 1357 1690 1401 comicorum
1714 1360 1863 1411 poeta-

153 1440 246 1471 rum
278 1428 488 1471 trimetris
530 1429 710 1471 exstant
751 1428 804 1470 de
837 1427 990 1480 quibus
1032 1440 1117 1470 non
1150 1427 1240 1481 egi,
1282 1430 1429 1470 tamen
1460 1426 1531 1469 hic
1562 1426 1865 1471 subsistamus.

153 1497 272 1540 Satis
314 1498 451 1540 multa
492 1498 722 1552 collegisse
764 1497 867 1540 mihi
908 1497 1081 1549 videor,
1124 1510 1147 1540 e
1180 1496 1334 1549 quibus
1377 1497 1486 1539 mira
1526 1496 1603 1539 illa
1640 1497 1862 1540 subtilitas

154 1567 263 1612 artis
295 1567 504 1612 metricae
537 1568 720 1612 eluceat.

786 1912 959 1985 Pars
1006 1912 1238 1985 tertia.

251 2031 316 2072 De
349 2043 429 2074 usu
461 2031 755 2074 trimetrorum
788 2030 860 2083 qui
892 2031 947 2073 ad
979 2030 1225 2084 augendam
1257 2030 1469 2072 sermonis
1501 2030 1764 2074 suavitatem

707 2099 884 2144 formati
916 2102 1020 2144 sunt
1050 2099 1311 2144 indissoluti.

989 2253 1027 2296 1.

294 2336 506 2380 Miramur
537 2340 675 2381 artem
707 2350 794 2391 qua
825 2337 1021 2381 Catullus
1053 2337 1279 2391 phaselum
1320 2336 1440 2391 puris
1479 2350 1533 2381 ex
1562 2337 1718 2381 iambis
1751 2350 1862 2381 com-

150 2408 307 2461 posuit.
369 2407 555 2450 Gratum
587 2408 765 2451 auribus
797 2410 980 2451 metrum
1012 2408 1204 2451 decurrit
1246 2410 1376 2460 atque
1417 2408 1625 2462 graphice
1666 2409 1863 2463 rapidum

150 2477 320 2533 phaseli
353 2491 527 2523 cursum
558 2478 766 2534 depingit.
816 2479 1152 2533 Aristophanem
1184 2492 1289 2524 vero
1320 2478 1407 2523 iam
1437 2479 1614 2524 novisse
1645 2480 1726 2524 hoc
1758 2480 1861 2524 arti-

150 2549 292 2592 ficium
325 2550 474 2593 docuit
504 2562 584 2593 nos
605 2550 651 2593 in
672 2549 799 2592 huius
826 2550 1022 2604 opusculi
1052 2549 1341 2604 praefationis
1372 2551 1648 2605 paragrapho
1670 2551 1864 2594 secunda

151 2621 500 2665 Acharnensium
531 2633 687 2666 versus
720 2619 805 2663 203

366 2690 446 2745 ἐγώ
480 2691 531 2733 δὲ
564 2691 794 2747 φεύξομαί
818 2706 865 2744 γε
895 2692 999 2740 τοὺς
1027 2692 1269 2748 Ἀχαρνέας.

151 2776 284 2819 Caret
324 2788 480 2819 versus
513 2774 825 2826 solutiom'bus‚
868 2775 970 2827 quia
1001 2774 1301 2828 abscedentis,
1343 2778 1465 2819 caret
1496 2776 1718 2830 spondeis,
1760 2776 1862 2829 quia

151 2845 368 2890 currentis
410 2847 548 2891 verba
588 2845 796 2890 continet.
866 2845 932 2889 De
973 2845 1196 2900 versibus,
1244 2846 1317 2900 qui
1359 2846 1687 2891 abscedentium
1726 2848 1863 2895 verba

152 2917 391 2972 continent,
423 2930 557 2973 supra
589 2918 662 2973 egi
692 2917 767 2974 (cf.
788 2931 861 2973 pg.
883 2916 939 2960 52
961 2916 1052 2974 ss),
1084 2930 1199 2975 nunc
1229 2918 1355 2962 nobis
1384 2931 1457 2962 res
1488 2918 1547 2963 sit
1578 2919 1632 2963 de
1663 2918 1864 2964 versibus
