2053 3404
917 216 1094 261 -.60
1157 239 1211 248 —

214 361 337 391 usam
378 359 476 389 esse
513 345 710 389 omnibus
752 347 898 389 notum
931 347 1012 390 est.
1072 346 1162 389 Nos
1204 346 1375 400 quidem
1415 347 1501 390 iam
1543 360 1677 402 supra
1713 348 1918 391 observa-

214 418 353 462 vimus
385 416 570 460 comicos
600 417 755 471 poetas
786 415 996 461 trimetris
1036 416 1309 462 indissolutis
1351 418 1620 474 distinguere
1662 431 1758 462 cum
1799 430 1919 462 scae-
1961 431 1969 440 ·

215 501 366 532 narum
412 488 483 532 vel
530 489 703 531 actuum
756 487 979 531 exordium
1030 486 1091 543 (v.
1133 501 1204 543 pg.
1236 487 1292 532 49
1325 502 1405 543 ss.‚
1452 488 1509 532 54
1541 487 1619 545 ss.)
1671 490 1749 532 aut
1793 488 1920 532 finem

215 559 275 616 (v.
316 572 387 615 pg.
418 557 474 602 53
507 555 585 614 ss.)
635 560 727 602 tum
773 558 1090 603 sententiarum
1136 572 1247 613 quae
1293 559 1575 615 proferuntur
1626 562 1703 604 aut
1753 560 1921 603 initium

215 631 275 687 (v.
306 644 375 685 pg.
407 629 464 673 58
486 627 540 684 s.)
572 632 649 673 aut
680 630 807 673 finem
844 629 904 686 (v.
936 643 1006 685 pg.
1038 628 1128 686 59).
1187 631 1314 674 Nunc
1344 633 1489 674 autem
1522 631 1622 674 dum
1652 630 1923 685 procedimus

216 702 272 746 ad
304 703 443 745 artem
472 700 705 744 oratoriam
747 700 925 756 propius
957 702 1216 746 accedamus
1255 702 1566 755 videamusque
1606 702 1709 756 quid
1744 702 1925 746 valeant

216 773 401 816 trimetri
430 771 679 815 indissoluti
709 772 753 814 in
785 772 933 815 multis
963 772 1051 815 illis
1083 773 1353 816 orationibus
1384 773 1456 817 vel
1487 772 1784 827 oratiunculis,
1817 784 1925 826 quas

217 843 368 889 comici
398 845 554 899 poetae
585 842 748 888 fabulis
780 843 872 888 suis
904 843 1062 898 ubique
1092 844 1384 888 inseruerunt.

360 926 598 970 Praemitto
630 926 829 980 exempla
858 925 1037 970 minoris
1068 926 1257 970 ambitus
1283 926 1405 972 velut
1425 926 1650 971 Xanthiae
1680 926 1926 970 oratiuncu-

218 1001 317 1052 lam,
349 1012 460 1053 quae
490 998 608 1042 inest
637 997 683 1041 in
715 998 843 1052 Vesp.
874 997 1076 1042 versibus
1108 996 1356 1041 922—930.

432 1081 494 1138 μή
525 1095 603 1124 νυν
634 1078 769 1137 ἀφῆτ’
799 1076 859 1122 ἔτ’
891 1078 1045 1133 αὐτόν,
1077 1079 1134 1130 ὥς
1166 1077 1256 1124 ὅντ’
1287 1075 1345 1124 αὖ
1375 1080 1492 1124 πολύ
1538 1082 1668 1136 Vesp.
1700 1080 1786 1125 922

399 1154 574 1195 *κυνῶν
605 1150 820 1194 ἁπάντων
850 1149 994 1205 ἄνδρα
1022 1155 1430 1208 μονοφαγίστατον,

376 1223 423 1248 **
439 1220 561 1272 ὅστις
590 1222 893 1279 περιπλεύσας
922 1222 1004 1278 τὴν
1033 1222 1176 1265 θυΐαν
1205 1221 1254 1264 ἐν
1282 1221 1421 1278 κύκλῳ
1454 1257 1464 1268 .
1487 1258 1495 1268 .
1520 1257 1528 1267 .

695 1295 937 1347 sequuntur
965 1306 1036 1338 vv.
1069 1306 1173 1337 com.
1206 1293 1245 1347 3,
1277 1296 1390 1349 trag.
1422 1293 1462 1338 2.

378 1365 449 1412 **.
471 1401 481 1412 .
504 1401 513 1411 .
536 1364 609 1408 ἵνα
638 1365 698 1421 μὴ
730 1363 943 1419 κεκλάγγω
976 1364 1051 1406 διὰ
1083 1366 1208 1419 κενῆς
1238 1362 1379 1414 ἄλλως
1409 1364 1510 1420 ἐμά’
1545 1367 1673 1420 Vesp.
1705 1364 1790 1408 929

387 1448 390 1451 ’
440 1436 521 1478 ἐὰν
552 1436 603 1478 δὲ
632 1437 710 1490 μή,
741 1436 792 1477 τὸ
825 1434 987 1476 λοιπὸν
1018 1434 1069 1475 ού
1098 1434 1403 1488 κεκλάγξομαι.

224 1524 319 1565 Duo
340 1520 477 1576 igitur
506 1520 552 1563 in
582 1520 665 1563 hac
695 1518 970 1562 oratiuncula
1000 1530 1155 1562 versus
1186 1517 1338 1561 insunt
1367 1517 1627 1570 indissoluti,
1659 1518 1813 1571 quibus
1834 1518 1932 1572 ipsa

225 1595 460 1637 coercetur.
521 1591 648 1634 Alter
679 1590 791 1633 enim
822 1589 869 1632 in
898 1588 1035 1642 initio,
1067 1589 1181 1632 alter
1210 1588 1254 1632 in
1286 1589 1372 1633 fine
1403 1588 1571 1644 positus
1603 1591 1683 1633 est.

366 1678 454 1721 Res
486 1676 637 1720 eadem
669 1676 738 1718 est
768 1674 814 1717 in
844 1674 962 1717 Eccl.
993 1673 1194 1717 versibus
1226 1671 1414 1717 60—64.

439 1757 578 1814 ἐ’γωγε.
610 1757 789 1813 πρώτον
817 1755 902 1811 μέν
931 1754 966 1809 γ’
998 1753 1082 1809 ἔχω
1113 1756 1193 1804 τὰς
1223 1748 1460 1809 μασχάλας
1550 1756 1669 1801 Eccl.
1703 1754 1759 1798 60
1785 1738 1793 1745 .

405 1829 610 1887 *λόχμης
641 1827 890 1882 δασυτέρας
920 1826 1133 1879 καθάπερ
1164 1821 1219 1881 ἣν
1251 1828 1546 1881 ξυγκείμενον·

383 1899 592 1942 **“ε’πειθ’
624 1897 765 1941 ὁπόθ’
797 1897 910 1952 ἁνὴρ
943 1895 1004 1945 εἷς
1034 1895 1199 1952 ἀγορὰν
1230 1896 1396 1950 οἴχοιτό
1427 1911 1514 1951 μου

384 1969 725 2028 ῃάλειψαμένη
756 1969 807 2011 τὸ
842 1966 952 2022 σῶμ’
985 1962 1090 2010 ὅλον
1122 1966 1178 2010 δι’
1210 1966 1376 2023 ἡμέρας

444 2041 712 2099 ἐχραινόμην
743 2039 920 2082 ἑστῶσα
951 2038 1065 2095 πρὸς
1095 2039 1174 2081 τὸν
1204 2033 1343 2096 ἥλιον.
1379 2062 1428 2069 -

370 2130 493 2181 Haec
534 2126 734 2180 exempla
778 2124 954 2167 minoris
999 2124 1209 2176 ambitus;
1254 2123 1340 2166 iam
1381 2124 1625 2177 Vesparum
1666 2137 1740 2166 eos
1781 2137 1946 2180 versus

229 2200 573 2252 consideremus,
620 2196 775 2252 quibus
816 2194 1038 2239 Xanthias
1080 2193 1401 2249 spectatoribus
1444 2207 1515 2239 res
1558 2194 1720 2238 actioni
1759 2194 1935 2239 fabulae
1965 2214 1970 2220 ·

230 2273 542 2317 antecedentes
574 2267 763 2322 exponit.

445 2339 606 2398 φράσω
635 2336 718 2394 γὰρ
748 2334 834 2394 ἤδη
856 2335 938 2392 τὴν
957 2336 1094 2379 νόσον
1114 2338 1195 2378 τοῦ
1215 2335 1455 2379 δεσπότου.
1474 2370 1483 2380 .
1502 2370 1510 2380 .
1529 2370 1537 2380 .
1556 2337 1686 2391 Vesp.
1717 2336 1774 2380 87

789 2410 1029 2463 sequuntur
1057 2421 1129 2453 vv.
1159 2407 1311 2452 indiss.
1341 2406 1382 2452 2.

449 2519 459 2529 .
481 2518 491 2528 .
514 2518 523 2528 .
543 2481 600 2539 ἢν
628 2480 688 2537 μὴ
711 2480 778 2523 ’πὶ
808 2482 887 2522 τοῦ
919 2479 1097 2534 πρώτου
1125 2480 1370 2536 καθίζηται
1401 2477 1549 2528 ξύλου.
1719 2478 1776 2521 90

447 2550 591 2598 &mov
622 2551 662 2595 δ’
694 2551 778 2609 ὃρᾷ
808 2553 887 2608 τῆς
915 2549 1070 2600 νυκτὸς
1101 2549 1206 2593 οὐδὲ
1239 2546 1500 2607 πασπάλην.
1720 2548 1771 2594 91

563 2626 806 2678 sequuntur
834 2635 905 2667 vv.
935 2622 1085 2666 indiss.
1116 2622 1156 2676 2,
1188 2625 1303 2677 trag.
1334 2621 1374 2675 2,
1406 2634 1510 2666 com.
1544 2621 1612 2665 15.

450 2733 459 2744 .
482 2732 492 2743 .
514 2731 524 2742 .
544 2693 657 2751 ἔχων
686 2693 880 2750 τρόπους
912 2695 1522 2749 φρυαγμοσεμνακουστίνους.
1692 2692 1775 2737 111

449 2766 617 2812 τοιαῦτ’
648 2764 797 2808 ἀλύει·
827 2765 1178 2818 νουθετούμενος
1208 2763 1248 2806 δ’
1279 2765 1351 2805 αεὶ
1381 2798 1391 2809 .
1414 2798 1424 2809 ,
1446 2799 1455 2809 ,
1692 2763 1777 2807 112

581 2838 823 2893 sequuntur
852 2848 923 2881 vv.
953 2834 1104 2879 indiss.
1135 2834 1175 2889 4,
1205 2838 1319 2891 trag.
1351 2835 1391 2890 5,
1423 2849 1527 2881 com.
1559 2837 1599 2881 8.

452 2911 480 2956 ὃ
508 2912 548 2955 δ’
580 2909 774 2966 ὡσπερεὶ
802 2905 975 2956 κολοιὸς
1004 2905 1123 2961 αύτῷ
1155 2906 1410 2956 παττάλους
1694 2906 1782 2950 130
