2053 3404
818 232 1111 278 —31-

92 361 208 419 ‘ipse
253 361 460 408 imitatur.
535 362 737 418 Inprimis
783 362 851 407 his
897 361 1098 409 versibus
1144 360 1449 418 magistrorum
1491 361 1694 417 loquendi
1742 361 1813 407 vel

115 433 297 478 docendi
326 434 497 478 modum
527 436 659 489 poeta
687 433 850 477 imitari
879 433 984 477 mihi
1013 432 1198 478 videtur.

116 518 233 561 Socr.
325 516 507 559 δέδοικά
541 516 581 559 σ’
614 512 647 558 ὦ
678 519 910 571 πρεσβῦτα
939 515 1000 570 μὴ
1033 515 1209 572 πληγῶν
1240 513 1344 557 δέει.
1428 516 1538 559 Nub.
1569 515 1654 558 493

116 588 280 643 Streps.
330 585 412 642 τὴν
419 586 653 645 καρδόπην
664 585 856 643 θήλειαν
861 602 878 639 ;
892 586 1011 632 Socr.
1020 586 1167 643 ὀρθῶς
1175 584 1257 641 γὰρ
1268 584 1417 641 λέγεις.
1429 585 1539 630 Nub.
1571 584 1654 629 679

267 695 315 700 -.
328 656 423 699 ἀλλ’
455 651 527 700 οἶδ
558 655 673 713 ἔγωγ’
705 656 735 698 ἃ
766 657 897 713 θήλε’
929 658 1065 700 ἐστίν.
1096 695 1143 699 ,-
1174 655 1273 699 εἰπὲ
1305 656 1375 711 δή.
1426 657 1537 700 Nub.
1569 656 1654 700 683

115 731 232 775 Soor.
267 727 423 772 -ἄλλ’
454 724 488 770 03
518 728 686 787 πονηρὲ
716 729 861 771 ταῦτα’
891 728 927 784 γ’
959 727 1035 772 οὐκ
1067 725 1157 771 ’ἐστ’
1189 724 1365 785 ἄρρενα.
1427 728 1536 772 Nub.
1569 726 1654 771 686

328 799 460 856 ὃρᾷςς
489 802 672 853 γυναῖκα
701 798 784 855 τὴν
798 799 1000 854 Ἀμυνίαν
1028 798 1185 847 καλεῖς.
1429 799 1539 842 Nub.
1570 797 1654 841 691

326 869 432 927 ὁρᾷς
453 869 483 911 ἃ
504 871 715 925 πάσχεις,·
736 869 817 926 τήν
832 885 881 912 τε
895 869 1088 926 θήλειαν
1106 868 1253 918 καλεῖς
1271 886 1310 911 κ.
1323 885 1361 911 τ.
1373 868 1411 910 λ.
1428 869 1538 912 Nub.
1570 867 1656 912 662

325 941 615 998 ἐκφρόντισόν
644 956 687 982 τι
716 942 803 982 τῶν
834 942 1023 982 σεαυτοῦ
1054 939 1337 996 πραγμάτων.
1427 940 1536 983 Nub.
1569 938 1654 982 695

326 1005 454 1060 οὗτος
483 1014 533 1053 τί
557 1013 699 1060 ποιεῖς
708 1027 725 1063 ,·
758 1010 856 1065 οὐχὶ
887 1011 1134 1066 φροντίζεις
1143 1026 1160 1063 ;
1191 1047 1239 1052 —
1269 1009 1376 1064 έγώ;
1429 1010 1537 1054 Nub.
1571 1009 1656 1053 723
1679 1023 1712 1054 S.

323 1081 376 1137 νὴ
408 1081 488 1123 τὸν
507 1083 726 1126 Ποσειδῶ.
756 1119 804 1123 -
832 1081 907 1123 καὶ
926 1084 975 1122 τί
992 1079 1088 1137 δῆτ’
1109 1079 1397 1137 έφρόντισαςς

323 1152 500 1202 ὑθλεῖς·
533 1150 705 1209 ἄπερρ’,
739 1153 815 1196 οὐκ
846 1150 905 1194 ἄν
926 1150 1154 1206 διδάξαιμ’
1175 1149 1232 1193 ἄν
1253 1150 1294 1193 σ’
1315 1149 1395 1194 ἔτι.
1425 1152 1535 1196 Nub.
1567 1151 1653 1195 783

113 1249 278 1303 Streps.
327 1248 404 1292 οὐκ
424 1246 514 1290 ἔστ’
537 1245 596 1290 ἔτ’
617 1244 652 1290 ὦ
674 1248 952 1305 Φειδιππίδη
969 1246 1091 1296 Ζεύς.
1112 1284 1160 1288 ..-
1181 1245 1295 1288 ἀλλὰ
1316 1251 1404 1299 τίς,·
1426 1248 1535 1292 Nub.
1567 1247 1654 1291 827

320 1320 380 1375 μή
413 1334 491 1362 νυν
520 1319 571 1362 τὸ
603 1318 778 1372 λοιπόν,
811 1317 927 1360 ἀλλὰ
958 1317 1094 1375 τήνδε
1122 1317 1205 1372 μὲν
1235 1317 1384 1360 καλεῖν
1426 1319 1537 1363 Nub.
1569 1318 1656 1362 850
1678 1333 1712 1363 S.

324 1389 638 1445 ἀλεκτρύαιναν
668 1390 844 1431 τουτονὶ
876 1388 916 1431 δ’
948 1388 1176 1442 ἀλέκτορα

108 1484 305 1539 Phidipp.
326 1485 464 1539 φοβεῖ
488 1482 539 1525 δέ
571 1482 625 1539 δὴ
658 1487 727 1536 τί,-
758 1520 805 1524 ..
835 1483 917 1539 τὴν
949 1498 1050 1539 ενην
1080 1498 1129 1524 τε
1157 1498 1233 1525 και
1263 1483 1381 1525 νέαν.
1424 1484 1533 1528 Nub.
1568 1484 1683 1528 1178
1706 1498 1740 1529 S.

261 1569 394 1612 -ενη
424 1554 508 1609 γάρ
539 1552 634 1596 ἐστι
663 1568 738 1597 και
766 1553 850 1595 νέα
878 1556 971 1605 τίς,·
1002 1590 1049 1594 -
1079 1552 1254 1609 ἡμέρα.

1076 1618 1100 1635 (Ι

746 1623 797 1667 οὐ
827 1623 908 1681 γάρ
938 1621 1042 1667 ’ἐσθ’
1075 1640 1194 1674 οπως
1422 1626 1532 1670 Nub.
1566 1625 1678 1670 1181

317 1695 382 1751 μι
410 1695 555 1753 ἡμέρα
582 1695 738 1751 γένοιτ’
771 1712 827 1740 αν
855 1695 1018 1753 ἡμέραι
1049 1696 1143 1740 δύο.

320 1765 482 1817 ἐκεῖνος
504 1762 580 1809 οὖν
602 1766 738 1823 (scl.‘
717 1784 739 1809 o
755 1765 925 1824 Σόλων)
945 1766 1026 1824 τὴν
1046 1766 1239 1822 κλῆσιν’
1220 1782 1264 1816 ες
1286 1766 1352 1810 δύ’
1373 1767 1540 1825 ἡμέρας
1568 1770 1677 1814 Nub.
1692 1769 1805 1813 1189

320 1835 497 1894 ἔθηκεν,
530 1836 574 1887 ἔς
603 1854 649 1892 γε
679 1838 761 1895 τήν
791 1834 894 1895 ἕνην
924 1854 972 1880 τε
1001 1839 1075 1881 καὶ
1108 1839 1230 1890 νέαν,

321 1906 373 1951 ἵν’
405 1908 455 1951 αἱ
482 1908 635 1959 θέσεις
664 1912 875 1964 γίγνοιντο
905 1911 960 1966 τῇ
990 1910 1218 1967 νουμηνίᾳ.

106 2001 272 2045 Eodem
302 2015 407 2046 sono
440 2016 522 2058 quo
553 2004 739 2047 Nubium
770 2018 811 2048 v.
843 2003 928 2047 683
961 2003 1020 2061 (v.
1052 2002 1204 2060 supra)
1244 2004 1496 2048 recitandus
1534 2008 1604 2049 est
1634 2019 1812 2051 versus:

238 2086 342 2129 Eur.
375 2085 456 2140 ἐγώ
476 2086 532 2140 μέ
556 2080 660 2128 οἶδα
673 2087 747 2128 καὶ
774 2085 897 2128 θέλω
913 2086 1111 2141 φράζειν.
1140 2086 1266 2130 Dion.
1287 2086 1394 2141 λέγε.
1424 2087 1536 2131 Ran.
1570 2087 1684 2131 1442

41 2224 43 2227 ¹
106 2166 327 2222 Dionysus
368 2167 624 2229 magistrum
666 2179 885 2221 severum,
926 2167 1158 2222 Euripides
1189 2181 1293 2213 vcro
1326 2168 1582 2224 discipulum
1613 2170 1810 2214 timidum

105 2249 237 2292 agere
267 2237 452 2282 videtur.
991 2257 994 2260 >

244 2307 310 2351 De
340 2320 389 2351 re
419 2308 601 2352 metrica
640 2308 747 2352 nihil
777 2308 882 2353 mihi
913 2309 1209 2353 adnotandum
1246 2312 1336 2365 cst3
1376 2322 1532 2354 vorsus
1564 2323 1712 2355 omnes
1742 2310 1806 2354 in-

104 2376 305 2423 dissoluti
334 2380 449 2424 sunt.

243 2554 380 2598 Varia
423 2554 679 2600 imitationis
725 2569 890 2612 genera
938 2557 983 2600 in
1033 2558 1117 2601 hac
1162 2558 1439 2613 paragrapho
1489 2560 1808 2612 pertractemus

101 2624 233 2677 atque
272 2624 454 2679 primum
501 2625 672 2679 quidem
718 2624 923 2671 scaenam
941 2648 944 2649 ⁷
963 2626 1082 2670 illam
1122 2627 1365 2682 Vesparum
1409 2627 1691 2682 inspiciamus
1732 2630 1808 2672 ubi

103 2706 214 2746 quae
255 2694 371 2749 apud
409 2694 575 2740 iudices
617 2699 811 2752 aguntur
848 2697 1097 2741 Philocleon
1142 2697 1342 2751 filiusque
1388 2710 1476 2741 una
1521 2710 1619 2742 cum
1658 2700 1806 2744 vernis

101 2762 340 2810 imitantur.

315 2837 364 2879 εἴ
383 2853 448 2887 τις
477 2837 695 2895 θύραισιν
724 2839 954 2896 ἡλιαστής,
986 2838 1156 2883 εἰσίτω·
1421 2842 1552 2897 Vosp.
1584 2840 1667 2884 891

315 2906 371 2957 ὥς
399 2905 509 2964 ἡνίκ’
539 2905 598 2951 ἂν
627 2908 810 2966 λέγωσιν
840 2908 917 2953 οὐκ
947 2909 1245 2968 ἐσφρήσομεν.
