2053 3404
898 259 1192 306 -16-

190 392 458 435 lamentatur
488 391 614 444 quasi
643 390 909 434 Philoctetes
941 390 1000 435 sit
1030 391 1236 435 Lemnius
1254 390 1345 447 (cf.
1376 405 1446 437 vv.
1479 391 1595 436 1190
1621 390 1711 448 66.).
1772 393 1897 447 Post-

192 475 320 515 quam
352 460 665 514 substiterunt,
707 460 779 514 qui
820 473 919 506 eum
954 462 1154 516 portant,
1195 458 1336 506 denuo
1377 462 1609 507 lamentari
1638 462 1790 518 incipit
1820 461 1897 506 tri-

191 532 343 576 metris
387 531 584 575 iambicis
628 531 900 576 indissolutis
913 565 923 585 ‚
974 532 1047 586 qui
1093 532 1191 576 aliis
1242 533 1393 584 metris
1445 546 1578 589 saepe
1624 533 1899 588 excipiuntur

192 603 267 657 (cf.
298 616 370 647 vv.
403 601 530 654 1204,
562 600 689 653 1214,
722 600 850 654 1218,
883 600 1031 657 1222).
1093 603 1188 656 Quo
1219 603 1359 658 magis
1389 617 1495 647 vero
1534 604 1706 658 tragica
1737 616 1899 647 scaena

192 674 424 726 nascatur,
474 671 771 727 Dicaeopolidi
822 685 992 727 quoque
1042 673 1174 727 poeta
1218 685 1395 729 versus¹
1419 672 1701 718 indissolutos
1746 672 1900 717 tribuit

194 742 322 795 1211,
355 740 482 794 1213,
515 740 643 794 1216,
675 740 804 785 1220.

334 812 605 873 Quaeramus
657 811 826 856 similia.
901 813 1024 857 Bene
1074 813 1199 857 nobis
1250 816 1400 857 notum
1450 816 1520 858 est
1563 814 1900 869 Aristophanem

192 884 411 928 interdum
438 883 689 939 argumenti
719 883 884 928 exitum
913 884 979 928 ita
1010 884 1314 940 explicavisse,
1345 887 1395 929 ut
1425 885 1519 929 fere
1549 885 1745 942 tragicus
1764 885 1903 939 fieret,

194 956 298 1010 ante
328 966 477 999 omnes
509 955 656 998 autem
695 954 741 998 in
773 954 981 1010 Equitum
1011 954 1186 1010 fabula,
1228 968 1357 1010 quam
1397 956 1578 1011 primam
1608 955 1899 1012 inspiciamus.

335 1037 469 1081 Vario
494 1036 599 1081 ’16111
638 1037 762 1081 modo
803 1038 1030 1094 Paphlago
1070 1038 1207 1082 Demo
1252 1039 1440 1093 probare
1486 1040 1669 1083 conatus
1716 1040 1813 1082 erat
1852 1050 1901 1081 se

193 1121 292 1151 esse
342 1107 550 1162 optimum
595 1107 688 1151 eius
734 1108 999 1161 ministrum,
1056 1122 1228 1164 semper
1278 1111 1424 1153 autem
1468 1108 1755 1164 Agoracritus
1805 1121 1901 1151 eum

193 1180 493 1234 superaverat.
554 1178 680 1221 Nunc
711 1178 751 1221 ei
781 1178 826 1221 in
857 1181 1046 1223 mentem
1075 1179 1201 1224 venit
1240 1179 1416 1223 oraculo
1458 1179 1643 1233 quodam
1678 1179 1799 1223 illum
1830 1178 1901 1221 de-

194 1248 402 1304 scriptum
435 1261 547 1303 esse,
579 1262 607 1292 a
637 1262 719 1303 quo
752 1249 844 1292 solo
877 1251 1075 1304 superari
1105 1250 1268 1305 possit3
1297 1250 1399 1294 inde
1421 1253 1660 1294 extremum
1681 1248 1903 1304 experitur

195 1320 424 1364 auxilium:

411 1389 463 1432 οὐ
495 1389 591 1446 δῆτ’
623 1390 727 1433 ἐπεί
752 1405 829 1445 μοι
860 1391 1058 1448 χρησμός
1089 1391 1185 1434 ἔστι
1215 1391 1408 1441 πυθικὸς
1505 1390 1619 1435 1229

411 1461 608 1517 φράζων,
639 1460 715 1516 ὑφ’
738 1455 792 1502 οὗ
812 1460 960 1518 ’δέησὲ
989 1460 1290 1517 μ’ἡττᾶσθαι
1319 1461 1474 1515 μόνου.

408 1543 484 1584 καὶ
512 1543 602 1600 μήν
632 1542 847 1597 σ’ὲλέγξαι
876 1543 1096 1598 βούλομαι
1124 1546 1338 1600 τεκμηρίῳ
1503 1542 1617 1587 1232

411 1612 460 1656 εἴ
479 1618 522 1656 τι
553 1615 770 1663 ξυνοίσεις
799 1615 881 1657 τοῦ
910 1614 1027 1657 θεοῦ
1056 1615 1148 1663 τοῖς
1178 1613 1444 1669 θεσφάτοις.

409 1687 489 1727 καί
515 1696 598 1727 σου
628 1686 819 1728 τοσοῦτο
851 1687 1030 1739 πρῶτον
1061 1682 1407 1741 ἐκπειράσομαι·

411 1757 519 1805 παῖς
549 1752 610 1798 ὢν
640 1754 824 1811 ἐφοίτας
855 1754 901 1797 ἐκ
931 1758 1050 1805 τίνος
1081 1754 1380 1808 διδασκάλους
1409 1773 1446 1800 κ.
1458 1772 1495 1801 τ.
1510 1754 1548 1801 λ.

197 1842 293 1884 Hoc
342 1840 437 1895 ipso
489 1841 665 1884 oraculo
711 1840 1000 1895 Agoracritus
1050 1839 1200 1883 vineit.
1274 1839 1500 1895 Paphlago
1553 1842 1697 1883 autem
1710 1873 1720 1893 ,
1771 1840 1907 1884 donec

199 1913 440 1967 desperans
472 1911 684 1964 concidit,
724 1923 881 1954 versus
921 1910 1084 1954 recitat
1115 1909 1171 1952 13
1212 1922 1411 1963 numero,
1453 1923 1633 1964 quorum
1661 1910 1908 1955 indissoluti

199 1985 303 2027 sunt
334 1981 374 2036 7,
405 1981 567 2038 tragici
597 1982 637 2036 4,
670 1980 821 2025 comici
852 1979 892 2035 2,
923 1980 1167 2024 botularius
1198 1992 1354 2024 versus
1382 1978 1421 2034 4,
1453 1991 1632 2035 quorum
1662 1979 1908 2026 indissoluti

199 2056 303 2098 sunt
333 2052 374 2107 2,
406 2053 558 2101 60111161
588 2051 629 2097 2,

341 2134 567 2179 Neminem
607 2147 706 2178 esse
743 2135 847 2189 puto
890 2133 963 2188 qui
1003 2134 1137 2189 neget
1167 2134 1341 2187 poetam
1371 2131 1645 2177 indissolutis
1687 2144 1795 2185 quos
1835 2131 1908 2176 ad-

200 2206 391 2249 hibuerit
440 2205 651 2249 trimetris
709 2218 814 2249 vere
870 2204 1087 2259 tragicam
1145 2204 1259 2247 hanc
1314 2203 1493 2246 fabulae
1550 2214 1756 2247 scaenam
1812 2214 1909 2245 con-

203 2276 430 2320 formasse.
462 2301 510 2307 —

346 2358 475 2401 Pacis
506 2357 663 2401 deinde
695 2358 878 2401 exodum
905 2356 1240 2402 consideremus.
1290 2356 1533 2399 Armorum.
1550 2355 1742 2399 artifices
1762 2355 1909 2399 vendi-

204 2432 424 2484 toresque,
465 2431 696 2483 postquam
726 2440 815 2482 pax
845 2427 969 2471 facta
999 2429 1090 2481 est,
1131 2426 1334 2470 nesciunt
1367 2438 1449 2480 quo
1481 2426 1647 2471 victum
1676 2428 1911 2481 quaerant,

205 2501 492 2554 desperantes
548 2498 593 2543 in
645 2511 849 2543 scaenam
899 2498 1115 2553 prodeunt
1163 2498 1545 2552 lamentanturque
1595 2496 1911 2542 miserabiliter.

204 2572 371 2616 Versus
422 2569 682 2627 inspiciendi
728 2571 831 2614 sunt
878 2566 1194 2623 1210-1264,
1241 2580 1419 2623 (1110111111
1468 2567 1556 2613 11116
1606 2567 1762 2612 tributi
1810 2569 1912 2612 sunt

204 2656 360 2687 versus
393 2642 449 2686 18
481 2655 671 2695 numero,
701 2641 852 2685 indiss.
885 2640 953 2694 12,
984 2643 1098 2696 trag.
1129 2639 1169 2694 3,
1202 2653 1307 2684 com.
1339 2639 1378 2684 3.
1413 2665 1463 2672 -

346 2726 400 2770 In
445 2725 727 2782 Lysistratae
777 2724 932 2769 fabula
976 2722 1313 2768 Lacedaemonii
1357 2725 1404 2767 et
1447 2721 1741 2767 Athenienses
1791 2720 1913 2784 pacis

203 2797 434 2841 faciendae
467 2808 603 2840 causa
634 2786 926 2840 conveniunt.
982 2795 1091 2838 Dolo
1132 2796 1264 2847 atque
1309 2793 1480 2837 insidiis
1525 2793 1751 2836 mulierum
1796 2791 1914 2834 calli-

204 2869 481 2927 dissimarum
512 2869 749 2923 coguntur3
781 2865 997 2911 desiderio
1028 2865 1200 2910 illarum
1231 2863 1326 2909 fere
1348 2864 1537 2909 confecti
1557 2865 1672 2909 sunt.
1715 2861 1914 2907 Virorum

206 2942 353 2983 autem
393 2938 571 2982 miseria
611 2937 841 2981 ridiculum
880 2936 925 2980 in
967 2936 1137 2980 modum
1179 2948 1206 2979 a
1246 2936 1376 2978 choro
1418 2933 1627 2991 συμφορά
1670 2932 1916 2979 nominatur

2050 2979 2053 3158 1

2052 3243 2053 3251 1

1932 3370 1941 3380 Ἴ
1954 3381 1957 3383 >
2012 3362 2015 3365 Ι
2033 3371 2035 3374 ’

1644 3398 1647 3404 1
1665 3265 2053 3404 ;-nxu1.av.M4;Q-A'”
