2053 3404
951 247 1316 309 -5·4-‚

446 376 540 433 ’ἐγώ
572 378 625 421 δὲ
656 378 772 433 πρὸς
802 377 853 420 τὸ
888 377 1073 420 δεῖπνον
1103 374 1191 435 ἤδη
1222 377 1462 435 ’πείξομαιῖ
1572 379 1689 423 Eccl.
1721 378 1834 422 1149

460 446 545 502 ἔχω
577 448 627 490 δέ
660 464 729 490 τοι
758 449 833 490 καὶ
866 449 988 504 δᾷδα
1016 450 1200 506 ταυτηνὶ
1229 448 1382 498 καλῶς.

460 518 657 576 φεύγεις,·
689 518 872 574 ἐμέλλον
904 517 944 561 σ’
975 514 1063 573 ἆρα
1091 519 1288 575 κινήσειν
1318 519 1397 575 ἐγώ
1566 522 1675 565 Nub.
1709 520 1819 565 1301

460 589 610 639 αὐτοῖς
639 591 813 646 τροχοῖς
841 591 935 639 τοῖς
966 591 1087 632 σοῖσι
1115 590 1191 632 καὶ
1223 592 1467 647 ξυνωρίσιν.

1051 694 1061 704 .
1083 694 1094 704 .
1123 660 1269 702 κλάων
1298 676 1345 715 γε
1376 660 1449 714 σύ,
1477 665 1486 672 ‘
1570 664 1676 706 Aah.
1707 662 1794 706 827

461 729 502 773 εἰ
527 733 588 787 μὴ
621 730 798 786 ’τὲρωσε
829 731 1180 787 συκοφαντήσεις
1209 731 1387 786 τρέχων.

746 801 823 843 οὐκ
854 800 1060 850 ἀποίσεις
1090 800 1193 851 τοὺς
1222 801 1407 857 νόμους;
1571 804 1652 848 AV.
1685 803 1799 847 1044

461 871 642 960 πικροὺς
674 872 753 928 ἐγώ
788 885 860 916 σοι
890 872 1082 929 τήμερον
1113 874 1246 946 δείξω
1276 872 1450 928 νόμους.

686 946 733 971 **
748 942 905 987 οὔκουν
936 942 1125 999 ἑτέρωσε
1155 940 1376 1002 πετομένη
1570 947 1652 990 AV.
1680 945 1800 989 1260

458 1015 815 1064 καταιθαλώσεις
844 1017 933 1057 τῶν
962 1015 1183 1070 νεωτέρων
1213 1015 1342 1070 tami,-
1806 1011 1817 1017 ’

460 1086 538 1129 οὐκ
568 1080 613 1128 εἶ
637 1084 788 1141 λαβὼν
818 1085 991 1141 θύραζε
1020 1086 1077 1127 τὰ
1111 1089 1387 1143 ψηφίσματα
1567 1088 1702 1132 Arist.
1734 1088 1786 1132 fr.
1819 1087 1904 1131 584

424 1155 534 1198 *καὶ
563 1156 645 1213 τὴν
676 1155 865 1213 ἀνάγκην
896 1155 940 1204 ἐς
969 1156 1158 1210 κόρακας
1190 1154 1443 1208 ἐντευθενίς

389 1241 485 1283 Non
517 1240 661 1283 omnia
692 1252 802 1293 quae
841 1242 1021 1282 exstant
1060 1239 1259 1293 exempla
1298 1240 1470 1293 protuli.
1532 1240 1615 1296 Qui
1645 1229 1953 1296 Aristophanis

248 1311 423 1356 fabulas
455 1313 500 1355 et
531 1310 739 1365 antiquae
771 1310 1018 1355 comoediae
1049 1310 1299 1366 fragmenta
1333 1311 1549 1367 perleget,
1590 1312 1716 1367 plura
1746 1311 1952 1364 inveniet,

249 1384 445 1426 attamen
491 1382 745 1426 observabit
790 1384 839 1425 ut
881 1381 1247 1435 Shakespearium
1293 1384 1338 1424 et
1379 1382 1633 1426 Schillerum
1680 1383 1745 1426 ita
1785 1383 1951 1426 Aristo-

245 1454 434 1508 phanem
465 1465 633 1507 quoque
664 1452 801 1496 libere
832 1465 910 1496 suo
944 1451 1127 1496 artificio
1159 1465 1282 1495 usum
1315 1465 1425 1497 esse.
1486 1453 1581 1497 Lex
1612 1454 1725 1498 enim
1756 1455 1878 1497 certa
1909 1456 1954 1497 et

244 1524 458 1567 inviolata
487 1524 532 1565 in
564 1524 726 1566 talibus
759 1523 930 1565 omnino
962 1535 1048 1565 non
1081 1510 1332 1576 quaerenda
1362 1521 1484 1579 est.¹)

462 1776 535 1820 ὁδὶ
567 1776 618 1819 δὲ
649 1775 828 1825 καύτός·
862 1774 958 1817 ἀλλ’
991 1773 1138 1831 ἄνοιγε
1167 1769 1249 1832 τὴν
1279 1776 1439 1833 θύραν.
1568 1779 1676 1827 Ach.
1709 1778 1822 1822 1189
1889 1775 1898 1782 ’

246 1862 370 1904 Haeo
410 1861 548 1905 verba
589 1860 646 1904 ad
686 1873 818 1904 unum
860 1860 1028 1903 directa
1069 1862 1172 1903 sunt
1213 1873 1457 1914 servorum,
1505 1861 1577 1915 qui
1616 1875 1688 1906 res
1729 1862 1960 1907 scaenicas

248 1933 463 1976 curabant
505 1934 636 1985 atque
679 1933 850 1975 attente
889 1931 997 1974 illud
1038 1928 1184 1985 ἄνοιγε
1225 1933 1482 1986 exspectare
1520 1933 1750 1977 debebant.
1811 1934 1955 1977 Nomi-

247 2004 410 2046 nantur
458 2002 577 2047 servi
622 2002 699 2045 isti
746 1999 940 2043 ἔνδοθὲν
980 2016 1043 2050 τις
1094 2002 1166 2046 vel
1208 2002 1301 2055 τὶς,·
1354 2002 1421 2046 bis
1464 2003 1637 2046 Manem
1685 2003 1833 2047 inveni
1880 2017 1954 2058 ap-

247 2075 482 2128 pellatum:

424 2145 620 2199 *Μανῆς
652 2144 703 2186 δὲ
734 2143 904 2199 φερέτω
933 2158 1010 2197 μοι
1039 2143 1213 2197 θύραζε
1242 2143 1299 2185 τὰ
1331 2137 1489 2199 πτερά.
1571 2147 1652 2189 AV.
1686 2144 1793 2188 1311

402 2214 526 2268 **μά
548 2213 622 2256 Δί’
645 2213 762 2256 ἀλλὰ
793 2216 926 2256 τοῦτό
957 2213 992 2268 γ’
1014 2213 1154 2257 οἴκαδ’
1176 2211 1209 2256 ὦ
1229 2217 1368 2269 Μανῆ
1399 2215 1518 2271 φέρε.
1571 2217 1674 2270 Lys.
1706 2215 1792 2259 908

248 2298 414 2341 Versus
447 2297 572 2340 allati
604 2297 714 2339 artis
747 2296 1025 2350 expolitiores
1058 2309 1145 2340 non
1177 2299 1291 2340 sunt.
1341 2297 1485 2340 Aliter
1514 2310 1619 2342 vero
1650 2310 1721 2341 res
1754 2310 1802 2341 se
1823 2298 1957 2342 habet

247 2368 292 2410 in
324 2366 526 2411 versibus
557 2367 648 2410 his:

463 2447 676 2504 ἐνεγκάτω
706 2464 772 2497 τις
803 2445 995 2491 ἔνδοθεν
1024 2451 1111 2491 τῶν
1142 2448 1349 2504 ἰσχάδων.
1571 2451 1678 2494 th.
1710 2449 1796 2494 805

463 2519 676 2575 ἐνεγκάτω
706 2535 771 2568 τις
793 2517 993 2562 ’ἔνδοθεν
1024 2518 1125 2576 δᾷδ’
1156 2516 1183 2576 ἢ
1214 2519 1387 2574 λύχνον.
1572 2522 1741 2566 Thesm.
1773 2521 1859 2565 238

1103 2591 1154 2632 τὸ
1185 2591 1390 2647 κρεᾴδιον
1573 2592 1685 2636 Plut.
1717 2592 1803 2636 227

460 2664 549 2704 τῶν
578 2659 748 2704 ἕδοθέν
778 2677 843 2711 τις
873 2660 1154 2716 εἰσενεγκάτω
1184 2660 1348 2717 λαβών.

391 2823 428 2868 1)
451 2823 547 2861 Nub
574 2825 644 2860 887
675 2814 756 2871 ἐγω
778 2814 818 2859 δ’
839 2814 1115 2871 ἀπέσσομαι.
1135 2854 1183 2859 ,,
1203 2815 1335 2858 τοῦτό
1367 2830 1445 2858 νυν
1459 2811 1696 2889 μέμνησ”
1682 2810 1831 2865 όπως.

460 2884 518 2920 Sic
550 2884 637 2929 AB;
676 2873 756 2929 ἐγώ
778 2875 818 2918 δ’
840 2874 1071 2930 ἀπέσομαι
1099 2883 1210 2928 relq.;
1236 2882 1422 2918 Bentleius
1454 2874 1533 2930 ἔγω
1555 2873 1637 2917 δ”
1618 2873 1786 2930 άπειμι.

246 2943 388 2980 Favoni:
411 2943 497 2980 huie
520 2944 665 2983 Bentloi
690 2942 921 2981 coniecturae
947 2941 1124 2990 exempla,
1150 2952 1242 2987 quae
1266 2951 1375 2987 supra
1400 2940 1544 2988 collegi.
