2053 3404
845 247 1137 294 ..13-

322 378 505 422 *πόθεν
533 382 642 435 βοῆς
673 376 841 435 ἥκουσα
872 379 1218 438 πολεμιστηρίας
1227 396 1242 431 ,·
1459 379 1538 423 571

350 451 437 491 ποῖ
460 449 542 505 χρὴ
574 451 786 507 βοηθεῖν,·
822 452 909 492 ποῖ
930 448 1143 503 κυδοιμὸν
1173 449 1382 504 ἐμβαλεῖν
1391 465 1407 500 ,·

350 524 415 568 τίς
443 519 610 575 γοργόν’
642 519 860 574 ἐξήγειρεν
890 519 937 561 ἐκ
968 522 1049 561 τοῦ
1082 519 1333 573 σάγματος,·

140 604 234 648 Iam
265 615 390 657 quem
421 601 603 657 primum
644 601 773 645 attuli
813 614 968 646 versus
1000 599 1056 644 12
1097 600 1341 643 huiusmodi
1381 602 1488 644 erat.
1549 600 1633 644 Hic
1674 613 1840 654 quoque

138 674 251 728 quod
282 673 415 716 risum
457 676 632 716 moveat
672 674 755 715 hoc
795 676 885 725 est,
928 675 976 715 ut
1006 681 1195 725 persona
1235 684 1347 723 quae
1377 671 1485 714 risui
1517 672 1646 714 datur
1675 671 1840 725 magni-

137 743 353 789 ficentiam
385 744 615 787 verborum
645 742 927 796 habitumque
957 754 1171 797 personae
1202 742 1400 797 tragicae
1431 741 1637 785 imitetur.

279 826 366 869 Sed
396 825 621 869 videamus
652 837 807 869 versus
840 826 1097 878 sequentes:

137 903 387 962 Dicaeop.a3
407 906 589 961 Λάμαχ’
611 901 721 963 ἥρως
751 909 839 949 τῶν
869 906 1020 962 λόφων
1050 907 1124 948 καὶ
1154 909 1242 948 τῶν
1268 906 1424 960 λόχων.
1457 905 1544 949 574

141 980 298 1023 chorus
355 973 389 1019 ὦ
408 976 591 1032 Λάμαχ’
614 976 665 1019 οὐ
695 975 778 1032 γάρ
810 971 939 1025 οὗτος
970 972 1211 1032 ἅνθρωπος
1241 976 1386 1018 πάλαι

348 1044 536 1091 ἅπασαν
567 1047 690 1104 ἡμῶν
721 1047 803 1103 τὴν
834 1046 968 1089 πόλιν
998 1049 1271 1102 κακορροθεῖ
1273 1064 1291 1098 ,-

135 1120 256 1164 Lam.
350 1112 477 1167 οὗτος
508 1117 564 1161 σὺ
594 1117 760 1174 τολμᾷς
791 1117 965 1172 πτωχὸς
996 1115 1057 1160 ὧν
1086 1117 1225 1171 λέγειν
1254 1117 1366 1160 τάδε
1375 1134 1392 1169 ,·

135 1191 229 1233 Dic.
352 1185 386 1230 ὦ
405 1188 588 1243 Λάμαχ’
608 1184 722 1244 ἥρως
752 1188 867 1230 ἀλλὰ
900 1189 1152 1245 συγγνώμην
1183 1186 1270 1242 ἔχε,

349 1257 390 1301 εἰ
417 1258 592 1314 πτωχὸς
623 1257 685 1302 ὧν
716 1254 846 1302 εἶπόν
876 1275 918 1301 τι
947 1257 1313 1316 κάστωμυλάμην.

135 1343 195 1387 Hi
234 1355 401 1397 quoque
442 1342 628 1386 trimetri
668 1342 829 1398 tragici
869 1342 1025 1386 coloris
1067 1344 1181 1385 sunt.
1242 1343 1381 1386 Poeta
1416 1342 1661 1396 vaniloquis
1692 1341 1839 1386 verbis

134 1413 345 1458 Lamachi
374 1426 554 1469 parvam
588 1426 793 1457 scaenam
825 1412 1005 1466 addidit,
1037 1426 1166 1467 quam
1198 1413 1360 1457 dixeris
1392 1413 1760 1469 hilarotragicam.
1782 1437 1839 1443 —-

275 1496 370 1539 Iam
400 1508 455 1539 ex
485 1495 654 1549 reliqua
683 1485 863 1539 fabulae
883 1497 1009 1550 parte
1031 1508 1194 1549 paucos
1215 1496 1435 1540 trimetros
1457 1496 1627 1551 eligam,
1660 1509 1839 1550 quorum

135 1567 294 1621 primos
325 1566 646 1611 consideremus
677 1578 832 1610 versus
863 1564 949 1609 742
972 1578 1029 1609 ss.

344 1636 400 1686 ὥς
430 1637 505 1679 ναὶ
534 1636 615 1678 τὸν
638 1635 815 1691 Ἑρμᾶν,
847 1636 973 1692 εἴπερ
1006 1635 1127 1685 ἱξεῖτ’
1159 1637 1328 1685 οἴκαδις

343 1707 400 1749 τά
434 1710 590 1761 πρᾶτα
621 1709 917 1761 πειρασεῖσθε
948 1709 1029 1755 τᾶς
1059 1706 1170 1761 λιμῶ·
1201 1710 1352 1755 κακῶς.

130 1778 217 1821 Per
235 1779 497 1822 Mercurium
518 1777 792 1833 Megarensis
813 1778 937 1821 homo
958 1777 1075 1821 iurat
1097 1778 1266 1821 sonoris
1288 1778 1502 1823 versibus.
1548 1779 1619 1822 Ita
1639 1778 1839 1833 Euripidi

131 1850 284 1892 sancte
316 1849 490 1893 adiurat
518 1847 819 1903 Dicaeopolis:

344 1919 469 1961 τουτὶ
498 1918 649 1975 λαβών
680 1915 838 1973 ἄπειμι
866 1917 945 1960 κού
977 1918 1182 1974 πρόσειμ’
1213 1916 1301 1961 ἔτι·
1454 1919 1553 1963 468.
1588 1945 1639 1951 -

274 2001 443 2046 Deinde
474 2003 795 2056 spectatoribus
826 2002 967 2057 magis
999 2015 1126 2055 quam
1156 2002 1257 2046 filiis
1279 2003 1553 2057 Megarensis
1578 2004 1703 2046 homo
1726 2016 1838 2056 quae

129 2070 219 2114 sint
250 2073 423 2128 agenda
453 2073 652 2117 versibus
683 2071 954 2115 indissolutis
986 2071 1196 2126 explicat:

345 2141 440 2184 ἀλλ’
470 2142 739 2199 ἀμφίθεσθε
768 2142 842 2183 καὶ
872 2142 977 2184 ταδὶ
1007 2142 1065 2183 τά
1098 2142 1267 2197 ῥυγχία,
1452 2142 1537 2185 744

344 2210 552 2270 κῆπειτεν
581 2213 625 2262 ἐς
655 2211 735 2255 τὸν
767 2211 933 2255 σάκκον
964 2206 1040 2254 ὧδ’
1072 2211 1304 2268 ἐσβαίνετε

346 2278 465 2332 ὅπως
497 2283 548 2325 δὲ
577 2284 843 2341 γρυλλιξεῖτε
872 2284 946 2326 καὶ
975 2284 1145 2333 κοῖξετε

344 2354 521 2411 χήσεῖτε
551 2355 705 2416 φωνάν
735 2358 912 2409 χοιρίων
940 2357 1231 2413 μυστηρικῶν.

131 2426 228 2470 Hoc
268 2438 436 2481 quoque
477 2426 705 2470 artificium
746 2426 871 2470 nobis
910 2426 998 2470 iam
1039 2429 1173 2471 antea
1203 2428 1392 2472 occurrit
1431 2428 1477 2471 in
1508 2428 1835 2472 considerandis

131 2497 332 2541 versibus
364 2496 512 2552 130s3.
543 2522 600 2528 -

345 2566 405 2617 ὥς
433 2567 513 2618 ὀξὺ
544 2566 658 2622 πρὸς
686 2565 767 2615 τὰς
798 2565 987 2622 ἰσχάδας
1017 2566 1266 2624 κεκράγατε.
1452 2568 1539 2613 804

343 2637 396 2693 νὴ
428 2638 508 2680 τὸν
537 2637 612 2679 Δί’
644 2636 808 2679 ἀστείω
837 2653 884 2691 γε
913 2639 974 2679 τώ
1007 2638 1279 2694 βοσκήματε.
1451 2640 1535 2682 811

132 2709 366 2754 Exclamat
405 2710 514 2754 haec
543 2709 841 2764 Dicaeopolis,
883 2709 982 2753 dum
1021 2708 1219 2754 intuetur
1259 2723 1312 2754 ac
1348 2711 1667 2765 contemplatur
1696 2711 1835 2755 falsos

132 2781 355 2834 porcellos.
431 2781 862 2835 Comprehenduntur
907 2784 1053 2823 autem
1099 2781 1438 2824 exclamationes
1490 2783 1645 2825 ambae
1690 2796 1834 2825 mono-

133 2850 286 2895 stichis
315 2850 599 2895 indissolutis.
631 2876 688 2881 —

344 2922 419 2964 καὶ
448 2921 537 2978 μὴν
568 2921 642 2964 ὁδὶ
671 2925 890 2977 Νίκαρχος
915 2919 1093 2978 ’ἑρχεται
1124 2925 1290 2978 φανῶν.
1450 2922 1536 2967 908
