2053 3404
859 240 1155 286 —78—

366 371 399 416 ὦ
430 373 615 429 Λάμαχ’
643 369 755 430 ἥρως
786 372 901 415 ἀλλὰ
934 372 1186 429 συγγνώμην
1217 370 1305 427 ἔχε,
1474 373 1581 416 th.
1613 371 1700 414 578

367 445 407 487 εἰ
437 445 610 498 πτωχὸς
642 442 703 486 ὤν
733 438 864 485 εἶπόν
894 459 938 485 τι
966 443 1334 500 κάστωμυλάμην.

367 530 591 583 σύγγνωθί
615 537 712 581 μοι·
744 525 879 584 τηλοῦ
909 525 992 582 γὰρ
1025 523 1127 567 οἰκῶ
1158 529 1246 568 τῶν
1277 524 1430 583 ἀγρῶν.
1473 527 1583 571 Nub.
1617 526 1701 570 138

365 598 619 654 ἡμάρτομεν
649 596 772 639 ταῦτ’
805 595 920 638 ἀλλὰ
954 596 1206 653 συγγνώμην
1236 593 1333 650 ἔχε.
1476 599 1579 641 Pac.
1611 597 1697 640 668

367 669 391 709 ὅ
422 670 523 716 νοῦς
552 667 635 723 γὰρ
666 666 789 722 ἡμῶν
817 659 876 722 ἦν
905 665 996 709 τοτ’
1028 665 1076 708 ἐν
1106 668 1198 715 τοῖς
1230 667 1447 713 σκύτεσιν.

721 748 950 803 οἰκτεῖραί
984 748 1122 792 αὐτὸν
1153 742 1185 790 ὦ
1219 750 1377 805 πάτερ,
1479 752 1607 805 Vesp.
1640 751 1726 794 975

364 822 439 863 καὶ
468 820 527 876 μὴ
562 821 870 878 διαφθείρητε.
905 822 997 863 ποῦ
1026 819 1083 862 τὰ
1114 820 1278 863 παιδία
1285 836 1303 872 ;

331 891 496 950 *τηνδὶ
526 889 676 950 λαβὼν
706 889 788 945 τὴν
817 894 977 948 ψῆφον
1009 890 1085 933 ἐπὶ
1115 891 1196 933 τὸν
1225 886 1410 947 ὕστερον
1638 891 1724 934 986

363 963 511 1017 μύσας
541 963 750 1019 παρᾷξον
779 960 1040 1005 κάπόλυσον
1070 954 1103 1004 ὦ
1136 962 1293 1018 πάτερ.

365 1045 604 1104 (ἀντιβολῶ
636 1080 645 1090 .
668 1080 678 1090 .
700 1044 730 1102 .)
874 1046 949 1087 ναὶ
980 1047 1094 1101 πρὸς
1125 1047 1212 1088 τῶν
1241 1049 1394 1101 κρεῶν,
1475 1047 1577 1090 Pae.
1609 1045 1695 1089 378

365 1117 456 1171 ἇγῶ
485 1116 733 1172 προθύμως
765 1130 836 1159 σοι
868 1116 1015 1172 φέρων
1046 1116 1282 1175 ἀφικόμην.

364 1188 423 1245 μή
456 1202 534 1230 νυν
564 1186 771 1245 λακήσῃς,
803 1186 1023 1243 λίσσομαί
1050 1186 1091 1229 σ’
1123 1179 1349 1244 ὦρμίδιον.
1610 1189 1695 1233 382

582 1259 693 1314 πρὸς
723 1257 847 1301 ταῦτ’
879 1251 911 1300 ὦ
945 1258 1035 1314 φίλ’
1059 1259 1200 1315 “Ερμῆ“
1230 1258 1423 1315 ξύλλαβε
1610 1260 1695 1303 416

366 1330 472 1385 ἡμῖν
503 1328 749 1385 προθύμως
780 1331 918 1372 τῶνδε
949 1330 1023 1372 καὶ
1056 1330 1332 1379 ξυνέλκυσον.

152 1415 392 1458 Praeterea
438 1413 493 1458 cf.
539 1414 642 1469 Lys.
690 1413 745 1456 69
779 1426 835 1466 s.,
868 1412 947 1467 72;
998 1414 1102 1469 Lys.
1149 1412 1257 1468 9303
1308 1414 1478 1462 Thesm.
1526 1413 1635 1468 2103
1681 1413 1766 1458 233
1800 1427 1858 1468 s.;

151 1487 260 1529 Ran.
293 1484 378 1528 843
402 1498 435 1528 s.

988 1649 1026 1693 3.

995 1730 1261 1790 (λογίζομαι)
1476 1734 1582 1778 Aah.
1616 1733 1681 1778 31*

367 1807 535 1859 στυγῶν
553 1804 641 1866 μὲν>
660 1802 790 1858 ἄστυ,
812 1805 892 1847 τὸν
913 1804 952 1847 δ’
970 1804 1078 1859 ἐμὸν
1099 1806 1243 1860 δῆμον
1264 1807 1427 1847 ποθῶν
1442 1822 1478 1850 κ.
1489 1821 1527 1850 τ.
1539 1804 1576 1850 λ.
1615 1805 1671 1849 33

148 1889 214 1932 De
246 1888 314 1932 his
346 1887 693 1932 Acharnensium
727 1888 948 1940 versibus,
991 1888 1063 1941 qui
1093 1888 1247 1931 rustici
1278 1888 1461 1933 hominis
1494 1888 1754 1933 desiderium
1788 1889 1858 1932 de-

151 1959 369 2012 scribunt,
420 1959 508 2003 iam
555 1972 688 2014 supra
735 1959 858 2003 nobis
906 1971 977 2003 res
1024 1958 1109 2003 fuit
1158 1959 1205 2003 in
1250 1959 1537 2014 praefationis
1584 1961 1860 2016 paragrapho

150 2031 344 2075 secunda
387 2030 446 2087 (v.
479 2044 549 2086 pg.
582 2029 670 2087 11).
743 2032 889 2085 Auget
933 2044 1036 2075 vero
1084 2031 1388 2086 descriptionis
1436 2031 1743 2075 amoenitatem
1788 2045 1860 2076 res

149 2102 333 2148 metrica
362 2103 494 2158 plane
525 2102 730 2158 expolita,

292 2186 565 2243 Quaeramus
598 2186 768 2230 similia.

367 2269 448 2311 ἐὰν
479 2269 529 2312 δὲ
560 2273 684 2327 νίφῃ,
718 2269 830 2324 πρὸς
861 2271 912 2311 τὸ
946 2273 1035 2325 πῦρ
1067 2269 1323 2326 καθήμενος
1477 2272 1608 2326 Vesp.
1641 2270 1726 2314 773

366 2336 520 2390 ὕοντος
551 2340 672 2386 εἴσει.

365 2425 440 2466 καὶ
472 2426 563 2480 πῦρ
592 2439 638 2478 γε
668 2427 812 2466 τουτί·
844 2425 918 2466 καὶ
949 2425 1252 2483 προσέστηκεν
1283 2427 1403 2481 φακῆ
1474 2426 1602 2481 Vesp.
1636 2425 1722 2469 812

367 2496 538 2553 ῥοφεῖν,
571 2494 650 2537 ἐὰν
682 2494 762 2552 δὲῃ
792 2511 846 2540 τι.

506 2606 605 2660 βίος
637 2637 646 2648 .
669 2637 679 2647 .
702 2638 711 2648 .
745 2602 821 2645 οὐκ
851 2600 1007 2659 ἄχαρις
1039 2603 1081 2653 ἐς
1112 2603 1192 2659 τὴν
1223 2604 1389 2660 τριβήν.
1475 2606 1555 2649 AV.
1590 2603 1674 2648 156

367 2671 419 2720 οὗ
451 2677 610 2731 πρῶτα
638 2676 722 2729 μὲν
753 2675 827 2718 δεῖ
851 2675 930 2730 ζῆν
961 2673 1067 2717 ἄνευ
1097 2674 1369 2731 βαλλαντίου

327 2746 600 2802 *νεμόμεθα
632 2744 672 2788 δ’
705 2744 752 2787 ἓν
782 2745 941 2801 κήποις
971 2745 1028 2788 τὰ
1060 2745 1192 2788 λευκὰ
1225 2745 1410 2802 σήσαμα
1477 2748 1559 2791 Av.
1592 2746 1675 2790 159

363 2819 438 2860 καὶ
466 2817 615 2873 μύρτα
644 2818 719 2859 καὶ
748 2816 929 2871 μήκωνα
957 2818 1032 2858 καὶ
1065 2815 1322 2872 σισύμβρια.

366 2960 375 2970 .
399 2960 407 2970 .
430 2959 440 2970 .
463 2924 574 2981 αι’·τή
608 2924 649 2966 δ’
670 2924 860 2979 ἐμαυτῆς
892 2922 943 2966 οὐ
973 2927 1113 2973 κακῶς
1142 2925 1311 2981 γνώμης
1342 2923 1442 2978 ἔχω,
1474 2925 1579 2979 Lys.
1611 2923 1726 2967 1125
