2053 3404
949 228 1243 273 „44-

457 394 468 406 .
490 394 500 406 .
523 395 533 406 .
564 364 734 418 χαίρειν
763 359 949 403 κελεύων
979 357 1128 401 πολλὰ
1158 357 1263 408 τούς
1279 357 1510 413 Ἀχαρνέας
1523 390 1534 400 .
1703 358 1791 403 200

398 431 540 488 -ἐγώ
573 431 623 475 δὲ
656 432 881 488 φεύξομαί
905 445 952 485 γε
981 428 1084 479 τούς
1109 427 1393 486 Ἀχαρνέας.1)
1704 414 1790 473 203

590 582 593 585 ,
993 518 1202 582 Equites.
1637 508 1642 513 ’

424 594 448 620 *
461 595 555 638 ἀλλ’
587 594 698 638 εἰσιν
730 594 871 648 ἱππῆς
901 591 1061 649 ἄνδρες
1092 592 1260 648 ἀγαθοὶ
1290 593 1423 648 χίλιοι
1706 594 1792 638 225

460 668 692 721 μισοῦντες
722 663 874 718 αὐτὸν,
906 663 954 707 οἳ
978 663 1270 722 βοηθήσουσί
1297 676 1369 707 σοι

460 737 534 779 καὶ
563 738 651 778 τῶν
681 733 877 778 πολιτῶν
910 733 955 777 οῖ
981 733 1115 776 καλοί
1139 749 1188 777 τε
1217 734 1428 790 κάγαθοί,

461 808 535 850 καὶ
565 808 652 849 τῶν
681 807 862 849 θεατῶν
894 801 1015 855 ὅστις
1045 803 1170 848 ἐστὶν
1201 805 1349 856 δεξιός
1370 840 1380 851 .
1402 839 1412 851 .
1434 840 1443 851 .
1467 796 1754 863 ξυλλήψεται.

234 881 319 923 ·Ad
364 881 636 934 spectatores
683 877 824 933 magis
852 890 998 931 quam
1046 878 1103 920 ad
1148 877 1409 921 botularium
1452 878 1562 921 haec
1607 890 1771 921 vernae
1817 878 1954 921 verba

249 951 419 996 directa
448 962 547 995 esse
578 962 633 993 ex
663 961 795 994 versu
825 946 913 993 228
944 949 1140 1004 apparet.

390 1116 442 1158 In
464 1114 698 1168 Equitibus
730 1115 887 1157 chorus
909 1038 1095 1158 ἓξὲξ,
1116 1040 1358 1158 είλᾬῗιῗωι·
1387 1112 1463 1170 (cf.
1484 1126 1555 1158 vv.
1576 1111 1663 1156 242
1685 1111 1762 1169 ss.)
1784 1113 1953 1157 eodem-

251 1198 333 1240 que
363 1185 488 1229 modo
518 1184 565 1228 in
586 1183 783 1228 Nubibus
815 1197 843 1228 a
863 1183 1045 1228 Socrate
1076 1184 1209 1238 atque
1238 1182 1282 1227 in
1304 1182 1473 1237 Avibus
1505 1183 1561 1227 ab
1580 1195 1727 1239 upupa
1746 1182 1823 1241 (cf.
1842 1183 1953 1227 Nub.

250 1256 337 1300 263
359 1269 429 1309 ss„
459 1258 542 1300 Av.
563 1254 650 1299 229
672 1254 763 1310 ss.).
824 1255 1015 1311 Quorum
1046 1254 1233 1299 omnium
1263 1254 1484 1299 orationes
1514 1255 1646 1310 poeta
1676 1254 1774 1298 aliis
1805 1253 1954 1298 metris

251 1327 500 1381 complexus
532 1328 612 1378 est,
643 1327 693 1368 ut
722 1325 829 1368 nihil
860 1325 914 1369 de
944 1324 998 1369 iis
1028 1324 1132 1368 mihi
1163 1324 1390 1369 dicendum
1421 1324 1491 1368 sit.

463 1505 544 1544 νῦν
575 1500 697 1544 ἐστιν
726 1500 832 1558 ἡμῖν
862 1496 1024 1557 ὦνδρες
1041 1427 1250 1559 ’ξ’ῗλῆνες
1278 1499 1415 1543 καλὸν
1645 1495 1656 1503 ’
1710 1501 1797 1546 292

496 1606 506 1617 .
529 1606 540 1617 .
571 1571 802 1622 ἐξελκύσαι
831 1571 913 1628 τὴν
944 1606 955 1618 .
976 1606 986 1617 .
1008 1605 1020 1617 .
1050 1570 1246 1629 Εἰρήνην
1277 1607 1286 1617 .
1310 1606 1320 1617 .
1342 1606 1352 1617 .

465 1642 560 1686 ἀλλ’
592 1638 626 1685 ὦ
655 1643 832 1699 γεωργοὶ
860 1640 1085 1700 κᾶμποροι
1113 1643 1189 1686 καὶ
1219 1643 1417 1693 τέκτονες
1710 1644 1796 1689 296

462 1715 537 1757 καὶ
569 1715 823 1772 δημιουργοὶ
852 1715 927 1758 καὶ
955 1714 1152 1769 μέτοικοι
1180 1715 1256 1757 καὶ
1288 1714 1408 1764 ξένοι

464 1785 540 1827 καὶ
569 1786 782 1840 νησιῶται
812 1783 932 1839 δεῦρ’
964 1783 1017 1827 ἴτ’
1049 1779 1083 1825 οἳ
1113 1783 1281 1833 πάντες
1310 1783 1408 1839 λεῴ.

1020 1887 1198 1937 Ranae.

395 1962 462 2005 De
494 1962 623 2006 choro
654 1959 942 2019 μεμυημένων
971 1972 1127 2005 versus
1159 1963 1318 2016 agunt:

430 2034 454 2059 *
468 2032 679 2075 ἐντεῦθεν
710 2029 857 2074 αὐλῶν
887 2034 953 2081 τίς
985 2043 1037 2074 σε
1066 2034 1285 2085 περίεισιν
1315 2032 1432 2089 πνοή
1716 2031 1800 2076 154

468 2101 574 2159 ὄψει
603 2118 650 2145 τε
682 2104 777 2158 φῶς
806 2100 1043 2145 κάλλιστον
1073 2096 1225 2155 ὥσπερ
1256 2101 1437 2156 ἐνθαδί,

408 2243 456 2269 *¹⁸⁸
467 2245 613 2300 βρύων
632 2243 856 2299 μελίτταις
874 2244 950 2286 καὶ
971 2243 1214 2300 προβάτοις
1234 2244 1309 2285 καὶ
1330 2243 1609 2301 στεμφύλοις.

469 2307 540 2371 ἀρ’
573 2309 700 2363 οὗτος
732 2312 823 2356 ἐστ’
855 2314 1017 2362 ἐκεῖνος
1050 2311 1102 2356 ὃν
1130 2314 1206 2356 καὶ
1237 2313 1472 2370 φεύγομεν,
1576 2315 1685 2360 Pam
1711 2314 1798 2359 240

409 2385 457 2410 **
471 2385 679 2437 ὅιδεῖνος,
713 2383 737 2426 ὁ
758 2384 1056 2439 ταλαύρινος,,
1069 2383 1092 2426 ὅ
1112 2383 1228 2427 κατὰ
1248 2386 1346 2447 τοῖν
1366 2384 1540 2428 σκελοῖν
1544 2402 1563 2442 ,·

433 2456 536 2506 *τίς
566 2454 689 2498 ’ἐστιν
721 2449 851 2504 οὗτος
860 2471 876 2509 ;
907 2453 930 2496 ὅ
969 2453 1132 2505 Τελέας
1162 2454 1259 2512 ἐρεῖ
1280 2444 1407 2498 ταδί·
1576 2458 1658 2502 Av.
1692 2457 1776 2501 168

433 2525 714 2582 *ἄνθρωπος
746 2523 862 2582 ὅρνις
893 2524 1190 2583 ἀστάθμητος
1220 2526 1465 2581 πετόμενος

409 2597 456 2639 ²3*
469 2596 745 2655 ἀτέκμαρτος
777 2594 910 2641 οὐδὲν
942 2594 1151 2640 οὐδέποτ’
1182 2596 1231 2640 ἐν
1260 2597 1407 2654 ταύτῷ
1434 2598 1590 2655 μένων.

254 2672 345 2708 Cum
367 2671 497 2709 ultimo
519 2681 628 2708 versu
653 2680 840 2716 compares
863 2669 997 2706 Avium
1019 2681 1054 2707 v,
1080 2671 1127 2706 35

408 2728 747 2785 **ἀνεπτόμεθ’
778 2728 826 2772 ἐκ
855 2731 933 2788 τῆς
963 2729 1181 2785 πατρίδος
1212 2728 1384 2788 ἀμφοῖν
1413 2730 1510 2774 τοῖν
1531 2732 1717 2777 ποδοῖν.

253 2803 413 2840 nen-um
443 2803 562 2849 ipsum
596 2802 751 2840 volitare
775 2801 931 2838 ‚videtur
961 2799 1185 2845 (tribrachus
1217 2802 1321 2848 pedis
1353 2802 1492 2849 quinti,
1526 2802 1589 2848 qui
1613 2803 1651 2840 in
1675 2803 1810 2840 Avium
1832 2814 1867 2839 v.
1894 2804 1963 2839 169

254 2862 373 2908 inest,
406 2872 489 2898 raro
514 2861 673 2898 oman-it
705 2861 743 2898 in
768 2860 976 2908 tragoedia.
1027 2859 1072 2897 of.
1097 2861 1227 2898 Aesoh.
1252 2861 1403 2899 Eumon.
1428 2863 1499 2899 780
1534 2854 1810 2913 βαρύκοτος).

399 2920 438 2964 1)
463 2921 508 2957 of.
535 2931 628 2965 quae
654 2921 702 2957 sd
725 2921 821 2957 hunc
846 2930 991 2957 versum
1015 2919 1189 2957 adnotavi
1212 2921 1258 2957 in-
1274 2931 1338 2966 pg.
1366 2922 1422 2958 12.
