2053 3404
923 271 1219 315 ..68-

220 404 304 447 Sed
348 415 443 445 eum
479 401 606 445 huius
648 400 818 453 quidem
858 399 1032 455 generis
1084 396 1448 443 exclamationum
1489 400 1654 443 nullum
1694 402 1926 454 praeterea

219 473 458 527 exemplum
490 471 645 515 afferre
675 470 838 533 possim
868 470 954 515 nisi
985 471 1067 515 hoo
1098 469 1313 516 fortasse:

428 552 480 608 νὴ
512 554 593 596 τὸν
611 554 819 596 Ποσειδῶ
848 553 924 595 καὶ
956 552 1012 596 σὺ
1042 551 1124 609 γᾶρ
1151 552 1254 602 τοὺς
1275 552 1323 595 ἐκ
1343 552 1497 596 Πύλου
1535 554 1644 608 Equ.
1677 553 1804 607 1201,

217 639 352 682 multa
397 651 420 681 e
468 637 686 681 contrario
733 637 1098 697 exclamationum
1144 638 1344 693 exempla
1391 639 1571 681 exstant
1616 650 1728 691 quae
1769 650 1923 682 versus

216 709 342 752 unius
389 709 558 752 modum
604 721 691 752 non
732 708 1038 763 egrediuntur,
1086 707 1253 752 formae
1293 721 1397 752 vero
1439 707 1780 763 expolitissimae
1821 711 1924 751 sunt

217 782 347 834 atque
379 781 424 823 et
453 778 576 834 ipsae
607 778 860 834 plerumque
890 778 1135 823 irrisionem
1165 779 1403 823 continent.

415 866 476 916 -εὖ
509 886 582 916 σοι
611 872 799 928 γένοιτο,
836 873 1023 932 Τηλέφῳ
1053 872 1093 916 δ’
1124 872 1214 928 ἆγώ
1246 875 1410 929 φρονῶ.

429 944 484 993 ὡς
517 943 597 994 ὀξὺ
629 943 742 999 πρὸς
772 944 853 992 τὰς
885 943 1077 998 ἰσχάδας
1106 943 1356 999 κεκράγατε.

425 1014 477 1071 νὴ
512 1015 595 1058 τὸνι
624 1013 699 1057 Δί’
731 1014 896 1057 ἀστείω
926 1030 971 1069 γε
1002 1014 1063 1057 τὼ
1094 1015 1362 1071 βοσκήματε.

428 1085 506 1139 ἐγώ
539 1084 579 1127 δ’
611 1084 799 1133 ἄλουτος
829 1085 1020 1140 τήμερον
1049 1085 1302 1141 γενήσομαι.

427 1154 560 1205 αὐτὸς
589 1159 752 1211 τρίβων
782 1154 872 1214 εἴης
903 1152 978 1208 ἂν,
1010 1154 1050 1197 εἰ
1077 1155 1260 1212 κρέμαιό
1292 1171 1350 1210 γε.

434 1219 565 1276 Οὖτις
594 1227 659 1281 μὰ
690 1227 770 1269 τὸν
800 1225 875 1268 Δί’
908 1224 960 1268 οὕ
990 1242 1032 1269 τι
1063 1226 1289 1283 χαιρήσων
1317 1242 1363 1281 γε
1394 1224 1462 1271 σύ.

426 1297 597 1352 θερμὸς
626 1299 708 1352 γὰρ
741 1295 854 1353 ἁνὴρ
888 1295 1020 1340 οὐδὲν
1053 1291 1187 1353 ἧττον
1217 1299 1295 1352 τῆς
1325 1299 1483 1353 φακῆς.

427 1368 618 1425 κλέπτης
648 1368 731 1422 μὲν
763 1360 843 1410 οὖν
875 1362 1004 1416 οὗτός
1033 1383 1080 1423 γε
1109 1368 1183 1409 καὶ
1215 1367 1480 1425 ξυνωμότης.

429 1438 485 1487 ὡς
515 1438 654 1495 ἡδέως
686 1439 841 1494 φάγοις
872 1436 931 1480 ἄν
962 1438 1012 1488 ἐξ
1044 1436 1173 1488 ὄξους
1203 1440 1340 1495 δίκην.

431 1504 566 1563 ὅμοιά
598 1522 680 1551 σου
709 1510 785 1551 καὶ
815 1513 959 1551 ταῦτα
989 1512 1081 1558 τοῖς
1111 1506 1260 1557 ἄλλοις
1291 1509 1476 1564 τρόποις

428 1574 539 1636 ὅσην
570 1577 660 1633 ἔχει
689 1580 772 1635 τὴν
802 1580 1287 1636 πρωκτοπεντετηρίδα.

428 1650 536 1698 ὅσον
567 1655 608 1699 δ’
641 1653 731 1710 ἐ’χει
761 1656 842 1698 τόν
871 1645 1053 1711 χρυσόν,
1087 1651 1239 1711 ὥσπερ
1260 1656 1509 1710 Παρθένος.

365 1725 505 1781 *3703
535 1726 619 1781 μὲν
649 1725 790 1783 αὐτὴν
819 1723 906 1769 κᾶν
937 1725 1131 1783 φιλῆσαί
1155 1741 1233 1782 μοι
1262 1727 1391 1772 δοκῶ.

426 1801 604 1842 Χίοισιν
633 1794 786 1856 ἣσθην
817 1802 1053 1852 πανταχοῦ
1083 1799 1427 1853 προσκειμένοις.

425 1872 552 1912 τουτί
578 1869 630 1911 τό
663 1871 848 1924 πρᾶγμα
879 1872 1069 1924 φορτίου
1101 1869 1246 1912 δεῖται
1278 1871 1463 1925 πτερῶν.

425 1933 452 1994 ἦ
486 1939 577 1982 πού
608 1956 651 1981 τι
680 1940 847 1981 λεπτόν
877 1939 973 1981 ἔστι
1003 1939 1427 1994 τούρριπτασμένον.

426 2009 483 2059 ὥς
513 2010 568 2066 δὴ
601 2009 740 2053 καλὸν
769 2008 821 2053 τὸ
854 2008 983 2067 χρῆμ’
1014 2006 1128 2064 ἔχεις
1157 2012 1246 2052 τῶν
1275 2013 1473 2055 τιτθίων.

429 2080 516 2136 οἴμ’
548 2081 605 2130 ὡς
634 2083 774 2131 κακῶς
804 2080 1007 2137 πέπραγέ
1037 2095 1126 2136 μου
1156 2079 1207 2123 τό
1239 2080 1429 2131 τοξικόν.

424 2159 477 2215 νὴ
509 2157 591 2201 τόν
620 2158 694 2201 Δί’
725 2159 781 2209 ὥς
812 2157 939 2208 ὄντος
968 2175 1015 2213 γε
1043 2159 1104 2215 μὴ
1136 2160 1411 2214 βαδιστικοῦ.

426 2229 544 2285 οἴμοι
574 2229 713 2279 τάλας
745 2229 801 2279 ὥς
832 2228 1017 2286 ὥχρίασ’
1048 2228 1190 2285 αὐτὴν
1221 2226 1342 2275 ἰδών.

426 2297 562 2350 οὕτως
592 2298 652 2344 α”ν
681 2302 748 2358 εἴη
780 2300 894 2357 πρὸς
924 2300 1096 2354 πατρὸς
1126 2301 1409 2356 τυμβωρύχος

425 2368 536 2430 αὕτη
568 2371 670 2415 ποτ’
701 2372 727 2427 ἡ
762 2370 912 2415 Μοῦσ’
945 2370 1023 2414 οὐκ
1054 2371 1325 2426 ἐλεσβίαζεν,
1358 2369 1422 2416 οὗ.

423 2450 499 2491 καὶ
529 2447 581 2505 νὴ
615 2448 694 2491 τὸν
717 2448 880 2505 Ἑρμῆν
909 2448 1044 2491 τοῦτό
1076 2446 1112 2503 γ’
1147 2446 1224 2490 οὐκ
1255 2447 1495 2504 ἐψεύσατο.

423 2521 476 2574 νὴ
509 2520 589 2562 τὸν
618 2520 826 2562 Ποσειδῶ
854 2518 1090 2576 μαρτύρων
1121 2518 1334 2564 ἐναντίον.

424 2591 543 2646 οἴμοι
573 2589 887 2647 Προκρούστης
916 2590 1107 2647 τήμερον
1136 2591 1388 2647 γενήσομαι.

425 2668 543 2723 οἴμοι
573 2666 713 2716 τάλας
741 2670 876 2709 ταυτί
899 2666 945 2721 μ’
977 2666 1231 2710 ἐλάνθανεν
1262 2666 1419 2712 πάλαι.

421 2737 696 2795 μελαγχολᾷς
727 2736 948 2793 ὦνθρωπε
978 2737 1029 2794 νὴ
1063 2737 1144 2780 τὸν
1175 2737 1379 2792 οὐρανόν.

708 2809 740 2867 (.
762 2843 772 2854 .
794 2843 805 2854 .
835 2808 888 2864 νὴ
922 2808 996 2852 Δί’
1028 2807 1250 2865 εὐδαίμων
1280 2806 1350 2865 ἄρ’
1380 2800 1456 2867 ἦν)

425 2881 539 2938 ἀνὴρ
568 2881 705 2938 γέρων
734 2883 890 2938 ψυχρᾷ
918 2880 1128 2938 θαλάττῃ
1157 2880 1380 2935 λούμενος.

426 2950 552 2995 ὄναιο
580 2949 763 3008 μέντᾶν,
796 2952 846 2995 εἴ
869 2967 935 3002 τις
965 2951 1194 2995 ἐκπλύνειέ
1226 2964 1290 2997 σε.

1541 874 1648 917 th.
1680 873 1765 917 446

1541 945 1648 987 th.
1679 943 1766 987 804

1539 1016 1645 1058 Aah.
1677 1014 1761 1058 811

1538 1086 1647 1139 Equ.
1681 1084 1792 1128 1061

1538 1156 1648 1200 Nub.
1679 1155 1767 1199 870

1544 1227 1672 1281 Vesp.
1706 1225 1789 1269 186

1543 1298 1672 1352 Vesp.
1704 1296 1790 1340 918

1541 1368 1671 1423 Vesp.
1703 1367 1789 1412 953

1540 1440 1670 1493 Vesp.
1704 1438 1818 1482 1367

1543 1510 1672 1564 Vesp.
1705 1509 1819 1553 1432

1540 1581 1642 1624 Pac.
1673 1579 1760 1624 876

1541 1659 1622 1701 Av.
1654 1656 1741 1700 670
1800 1668 1801 1673 ¹

1537 1729 1617 1773 Av.
1649 1726 1740 1784 67]-

1538 1801 1620 1844 Av,
1651 1799 1739 1842 880

1542 1871 1623 1915 Av.
1656 1869 1771 1914 1375

1538 1941 1640 1995 Lys.
1670 1940 1728 1983 28

1540 2012 1643 2066 Lys.
1674 2012 1731 2054 83

1540 2082 1644 2139 Lys.
1677 2081 1761 2127 462

1539 2161 1648 2203 Rau.
1681 2159 1766 2203 128

1534 2231 1647 2275 Rau.
1679 2230 1764 2275 307

1538 2302 1649 2346 Ran.
1683 2301 1797 2345 1149

1538 2372 1649 2416 Rau.
1682 2371 1797 2416 1308

1541 2449 1660 2493 Eccl.
1693 2449 1778 2493 445

1543 2520 1662 2564 Eccl.
1694 2520 1776 2565 451

1544 2592 1661 2635 Eool.
1695 2584 1806 2636 1021

1538 2669 1654 2713 Plut.
1687 2667 1772 2712 169

1539 2739 1653 2783 Plut.
1685 2738 1772 2783 366

1542 2810 1655 2855 Plut.
1686 2809 1773 2854 658

1539 2953 1653 2996 Plut.
1686 2951 1801 2996 1062
