2053 3404
926 242 982 249 -
1042 216 1100 261 24
1163 241 1216 247 -

884 344 1260 405 Ecclesinzusae.

364 430 410 485 a)
441 432 494 473 In
525 431 651 474 huius
684 431 862 473 fabulae
892 430 1017 473 initio
1048 430 1245 483 laudatio
1275 430 1421 484 posita
1451 432 1521 474 est
1550 431 1773 483 lucernae,
1815 441 1926 482 quae

220 502 364 545 omnia
404 501 544 546 noctis
586 503 758 546 secreta
796 500 949 546 videat
979 501 1057 545 sed
1087 502 1250 545 taceat.
1311 500 1449 557 Quasi
1479 500 1545 545 sol
1580 500 1641 545 sit
1669 498 1924 555 saepissime

217 573 292 615 ille
322 573 367 615 in
398 573 642 615 fabularum
684 572 875 614 exordiis
905 572 1090 624 citatus,
1131 571 1397 626 tragicorum
1432 573 1663 615 verborum
1693 570 1923 625 splendore

217 643 398 686 lucerna
429 656 456 686 a
485 643 742 697 Praxagora
773 642 1033 696 celebratur,
1069 642 1208 686 donec
1236 641 1438 686 versibus
1471 641 1527 685 17
1548 655 1582 686 s.
1614 641 1670 686 ad
1702 641 1812 685 alias
1852 653 1924 685 res

218 713 463 757 narrandas
515 725 562 756 se
611 712 759 756 vertit.
839 713 1006 757 Versus
1057 715 1161 757 sunt
1207 711 1262 755 18
1308 725 1508 766 numero,
1559 712 1748 757 comicus
1798 724 1923 765 unus,

217 786 331 837 trag.
362 782 403 836 2,
433 783 583 826 indiss.
616 782 685 827 15.

359 859 407 921 b)
452 867 523 910 Ex
566 866 693 921 plebe
739 879 851 910 unus
898 867 1212 921 supellectilem
1257 866 1424 922 colligit
1468 866 1744 919 vilissimam,
1795 878 1924 920 quam

215 937 386 993 legibus
418 937 544 982 novis
576 932 820 991 obsequens
851 938 898 982 in
928 938 1069 982 forum
1100 937 1229 982 ferat.
1291 938 1373 982 His
1404 937 1605 983 versibus
1637 936 1806 981 sonoris
1838 936 1922 980 col-

216 1008 383 1063 ligendi
411 1008 581 1051 initium
613 1008 745 1052 facit:

394 1089 560 1144 *χαὶρει
592 1089 647 1132 σὺ
680 1092 811 1144 δεῦρο
842 1091 1056 1144 κιναχίρα
1085 1090 1197 1146 καλὴ
1229 1090 1372 1139 καλῶς
1540 1091 1659 1134 Eccl.
1691 1089 1778 1133 730

428 1162 517 1203 τῶν
547 1161 783 1219 χρημάτων
813 1161 987 1216 θίραζε
1018 1162 1171 1219 πρώτη
1203 1163 1293 1203 τῶν
1325 1159 1455 1216 ἐμῶν,

433 1226 552 1280 ὅπως
583 1228 638 1273 ἄν
669 1230 981 1289 ἐντετριμμένη
1013 1235 1283 1289 κανηφορῇς,

431 1301 626 1351 πολλοὺς
656 1302 778 1344 κάτω
809 1301 865 1356 δὴ
898 1302 1123 1351 θυλάκους
1153 1302 1346 1360 ‘cesama’
1378 1302 1520 1358 ἐμούς.

980 1430 1160 1481 Plutus.

357 1516 452 1558 Iam
483 1515 658 1570 saepius
699 1516 814 1559 hunc
855 1516 926 1560 vel
956 1516 1076 1559 illum
1113 1516 1314 1560 versibus
1357 1516 1697 1572 elegantioribus
1739 1515 1922 1559 salutari

215 1586 413 1630 vidimus.
465 1585 538 1629 Sic
560 1586 814 1641 Chremylus
847 1587 1024 1630 chorum
1055 1587 1222 1631 salutat
1251 1587 1452 1632 versibus
1484 1585 1718 1630 322-327
1751 1584 1920 1643 (indiss.

214 1656 254 1709 3,
294 1659 409 1712 trag.
440 1656 490 1709 2,
532 1669 638 1700 com.
666 1655 734 1713 1),
776 1658 932 1701 chorus
975 1659 1120 1701 autem
1161 1659 1369 1711 quattuor
1408 1658 1608 1703 versibus
1649 1656 1919 1701 indissolutis

213 1727 461 1783 respondet.
1786 1738 1789 1740 ’

358 1881 501 1935 Supra
541 1879 632 1936 (pg.
665 1879 720 1924 12
743 1879 795 1937 s.)
839 1882 893 1925 de
933 1881 1279 1926 Acharnensium
1319 1881 1520 1927 versibus
1561 1881 1645 1925 571
1654 1880 1795 1925 -573
1837 1880 1919 1937 egi,

215 1951 290 1994 ubi
319 1952 565 1994 Lamachus
606 1951 867 1995 furibundus
907 1952 953 1995 in
983 1965 1189 1996 scaenam
1226 1952 1392 2007 prodit,
1432 1952 1640 1996 terribilis
1681 1964 1786 1996 vero
1828 1951 1920 1997 eius

214 2022 384 2077 species
427 2022 699 2066 abundantia
739 2024 968 2067 verborum
1010 2023 1239 2067 minacium
1270 2023 1460 2067 iuvatur.
1519 2024 1667 2066 Iactat
1696 2035 1744 2067 se
1776 2023 1920 2066 osten-

214 2092 362 2147 ditque
409 2105 625 2137 armorum
672 2093 967 2149 splendorem;
1019 2094 1145 2148 quasi
1190 2093 1386 2150 tragicus
1432 2094 1560 2138 heros
1608 2092 1710 2148 sit,.
1737 2092 1919 2148 tragicis

213 2164 352 2207 utitur
380 2164 594 2209 versibus.

356 2234 541 2290 Saepius
592 2235 706 2290 apud
753 2234 1092 2291 Aristophanem
1141 2235 1334 2282 facetum
1383 2236 1466 2280 hoc
1516 2234 1746 2293 artificium
1796 2234 1921 2280 nobis

212 2305 423 2359 occurrit;
454 2305 629 2360 saepius
661 2307 793 2360 poeta
825 2318 949 2359 quem
982 2306 1207 2361 despectui
1236 2307 1373 2350 habet
1400 2306 1640 2350 iactantem
1670 2318 1719 2350 se
1748 2305 1922 2349 induxit

213 2375 340 2429 quasi
369 2374 583 2419 maximus
615 2375 685 2428 sit,
716 2375 846 2429 idque
877 2376 1079 2421 versibus
1110 2377 1293 2432 tragicis
1324 2376 1490 2421 formae
1521 2375 1769 2421 exactioris.
1825 2375 1919 2419 Col-

210 2444 399 2501 ligamus
431 2445 642 2501 exempla.

984 2514 1155 2564 Nubes·

429 2600 587 2647 ποίους
616 2597 755 2649 θεοὺς
787 2597 892 2654 ὀμεῖ
915 2599 999 2653 σός
1032 2601 1212 2655 πρῶτον
1241 2599 1323 2656 γὰρ
1355 2599 1460 2643 θεοὶ
1534 2591 1622 2644 247

426 2668 533 2724 ἡμῖν
560 2668 742 2724 νόμισμ’
774 2668 852 2712 οὐκ
881 2668 1017 2713 ἔστιν.

424 2738 578 2794 βούλει
607 2739 665 2782 τὰ
696 2741 807 2783 θεῖα
837 2738 1059 2795 πράγματ’
1091 2739 1258 2784 εἰδέναι
1290 2742 1445 2796 σαφῶς
1534 2739 1622 2784 250

426 2803 523 2851 ἅττ’
554 2808 678 2853 ἐστὶν
709 2808 884 2865 ὄρθῶςς

210 2880 417 2925 Socrates
449 2880 618 2925 scilicet
648 2880 891 2936 potentiam
922 2894 1046 2926 suam
1077 2881 1322 2936 Strepsiadi
1352 2883 1560 2927 ostentat.
