2053 3404
760 270 1050 315 -49-

266 519 340 560 καὶ
369 517 457 574 μὴν
489 518 811 574 ὁδὶΝι-’καρχος
844 517 1018 573 ἔρχεται
1050 522 1216 575 φανῶν.
1374 521 1481 564 Ach.
1512 519 1597 564 908

57 605 151 647 Hoc
180 614 312 646 versu
339 601 616 655 Dicaeopolis
648 602 970 656 spectatoribus
1002 602 1180 656 exponit
1211 602 1306 656 quis
1339 602 1398 645 sit
1434 603 1506 656 qui
1537 604 1754 657 adveniat,

56 685 279 727 novaeque
320 684 508 716 scaenae
549 671 599 716 fit
637 672 819 717 initium.
879 672 975 716 Non
1005 672 1141 729 igitur
1177 672 1329 717 mirum
1370 675 1440 717 est
1479 672 1611 716 etiam
1652 673 1755 717 alibi

53 745 178 789 huius
218 744 393 798 generis
433 756 588 788 versus
620 743 873 798 diligentius
916 744 1176 798 compositos
1218 757 1337 797 esse,
1380 757 1558 797 quorum
1597 746 1754 789 multos

54 828 167 860 nunc
198 812 388 858 afferam.

266 897 461 955 ζητῶμεν
493 895 642 940 αὐτόν.
662 933 710 937 -
731 895 827 937 ἀλλ’
860 896 934 939 ὁδὶ
964 896 1261 953 προσέρχεται
1371 897 1482 950 Equ.
1515 896 1600 939 146

228 968 337 1010 *καὶ
365 966 455 1024 μὴν
488 966 511 1009 ὃ
538 966 793 1023 Παφλαγὼν
825 966 980 1010 οὑτοσὶ
1010 967 1311 1023 προσέρχεται
1370 968 1481 1021 Equ.
1513 966 1600 1010 234

227 1043 395 1100 *οἴμοι.
414 1083 461 1087 -.
482 1047 530 1087 τί
557 1042 678 1101 ἔστη
696 1082 745 1087 -.
763 1043 1051 1088 Βδελυκλέων
1082 1041 1320 1088 ἀνίσταται
1371 1045 1502 1100 Vesp.
1535 1043 1619 1088 137

227 1120 343 1164 *ὁδί
367 1138 433 1171 τις
461 1117 624 1178 ἕτερος,
658 1122 714 1171 ὥς
744 1120 898 1174 ἔοικεν,
931 1120 1106 1178 ἐ’ρχεται
1369 1123 1501 1176 Vesp.
1535 1122 1649 1165 1415

259 1192 530 1247 καλούμενός
561 1205 624 1236 σε.
656 1193 735 1235 τόν
761 1192 810 1248 γέ
839 1209 910 1235 τοι
938 1192 1114 1252 κλητῆρ’
1144 1191 1248 1248 ἕχει.

262 1266 382 1311 ὄπτα
411 1268 552 1318 καλῶς
580 1272 660 1311 νῦν
690 1268 828 1311 αὐτά·
858 1271 934 1312 καὶ
963 1269 1046 1325 γὰρ
1078 1269 1232 1312 οὑτοσὶ
1365 1271 1467 1313 Pac.
1501 1269 1615 1313 1043

220 1336 242 1360 *
255 1339 551 1395 προσέρχεται
582 1339 733 1397 δάφνῃ
761 1356 826 1389 τις
860 1339 1233 1396 ἐστεφανωμένος.

257 1410 311 1465 νὴ
343 1408 423 1452 τὸν
452 1409 542 1463 Δί’,
575 1409 632 1459 ὡς
662 1412 719 1452 τὰ
750 1409 901 1454 παιδί’
931 1407 1020 1468 ἤδη
1051 1410 1280 1467 ’ξέρχεται.
1366 1412 1469 1455 Pac.
1502 1411 1617 1454 1265

221 1484 351 1528 *ἀλλ’
385 1481 464 1529 ὅδε
495 1486 645 1543 φύλαξ
674 1487 757 1543 γὰρ
788 1490 876 1530 τῶν
907 1487 1082 1530 ἐκεῖθεν
1113 1485 1290 1543 ἄγγελος
1365 1489 1447 1533 AV.
1481 1487 1596 1532 1168

259 1556 398 1598 ἐσθεῖ
421 1557 534 1612 πρὸς
564 1557 680 1612 ἡμᾶς
711 1560 843 1613 δεῦρο
874 1562 1093 1616 πυρρίχην
1122 1557 1313 1613 βλέπων.

257 1631 354 1675 ἀλλ’
386 1632 539 1677 οὑτοσὶ
569 1633 714 1691 τρέχει
743 1650 808 1682 τις
831 1634 1029 1691 Ἀλφειὸν
1059 1634 1217 1679 πνέων.
1361 1637 1444 1681 AV.
1478 1635 1591 1679 1121

255 1702 396 1748 ἔοικεν
430 1703 482 1747 οὐ
512 1705 883 1762 ψευδαγγελήσειν
914 1704 1101 1761 ἅγγελος.
1362 1709 1444 1752 AV.
1478 1706 1594 1751 1340

219 1772 378 1833 *ᾅδων
406 1775 489 1832 γὰρ
522 1770 601 1819 ὅδε
630 1791 695 1825 τις
724 1775 882 1827 ἀετοὺς
912 1777 1221 1835 προσέρχεται.

255 1852 333 1908 ἡδὶ
366 1853 417 1896 δὲ
446 1854 522 1896 καὶ
553 1853 608 1910 δὴ
640 1853 864 1908 Λαμπιτώ
896 1854 1207 1910 προσέρχεται.
1367 1856 1472 1911 Lys.
1503 1855 1559 1899 77

255 1923 503 1980 πρέσβειρά
536 1940 605 1967 τοι
634 1926 710 1967 ναὶ
739 1924 800 1967 τώ
832 1925 913 1968 σιώ
945 1929 1145 1969 Βοιωτία
1368 1927 1474 1982 Lys.
1505 1925 1561 1969 86

254 1992 336 2037 ἵκει
366 1994 480 2038 ποθ’
511 1994 612 2050 ἁμέ.

253 2070 365 2127 αὐτὴ
398 2071 498 2129 γάρ,
530 2071 586 2121 ὥς
615 2070 817 2128 ἤκουσεν,
848 2068 919 2129 ἥδ’
950 2072 1190 2130 ἐξέρχεται.
1362 2075 1466 2129 Lys.
1499 2072 1613 2116 1107

255 2147 351 2191 ἀλλ’
385 2148 527 2193 οὐτοιὶ
554 2148 638 2206 γὰρ
670 2142 805 2199 αὖθις
833 2146 1040 2207 ’ἑρχονται
1070 2150 1210 2194 πάλιν
1361 2151 1465 2206 Lys.
1498 2149 1612 2193 1239

253 2219 296 2269 ἐς
325 2219 506 2266 ταύτόν.
539 2220 615 2264 οὐκ
646 2219 843 2278 ἐρρήσετ’
875 2215 909 2263 ὦ
939 2226 1168 2277 μαστιγίαι
1176 2239 1194 2275 ,-

190 2298 304 2352 ...νὴ
338 2296 418 2341 τὸν
446 2296 522 2341 Δί’
554 2298 610 2347 ὦς
639 2295 726 2356 ἤδη
755 2315 802 2354 γε
832 2297 1018 2353 χωροῦσ’
1047 2295 1254 2343 {vonam
1359 2299 1463 2353 Lys.
1496 2296 1607 2341 1241

251 2365 370 2423 πλὴν
399 2363 428 2424 ἧ
459 2365 496 2424 y'
527 2366 612 2424 ἐμὴ
641 2370 830 2425 κωμῆτις
859 2362 932 2425 ἥδ’
964 2367 1206 2426 ἐξέρχεται.
1360 2368 1464 2423 Lys.
1496 2367 1522 2410 5

252 2440 348 2484 ἀλλ’
380 2442 584 2486 ἐκποδὼν
614 2444 867 2499 πτήξωμεν,
899 2444 957 2494 ὥς
987 2444 1217 2500 ἐξέρχεται
1359 2445 1529 2487 Thesm.
1561 2443 1617 2486 36

216 2510 471 2568 *θεράπων
499 2529 565 2563 τις
596 2513 735 2557 αὐτοῦ
766 2516 857 2569 πῦρ
887 2511 999 2570 ἔχων
1027 2515 1103 2557 καὶ
1131 2517 1354 2571 μυρρίνας.

168 2639 171 2642 .
250 2590 365 2643 σίγα.
386 2625 435 2631 —
453 2592 503 2632 τί
529 2588 570 2633 δ’
599 2588 750 2643 ’έστινς
771 2590 1033 2647 -Ἃγάθων
1064 2591 1302 2648 ἐξέρχεται.
1359 2592 1530 2637 Thesm.
1561 2589 1617 2633 95

247 2659 323 2701 καὶ
351 2659 435 2716 γάρ
464 2659 545 2704 τιν’
579 2660 837 2717 ἐκφέρουσιν
868 2661 1007 2706 οὑτοιὶ
1037 2663 1204 2719 νεκρόν.
1357 2662 1467 2706 Ran.
1500 2660 1586 2705 170

776 2731 999 2776 ἀπελθεῖν
1030 2734 1181 2778 οἴκαδε
1358 2734 1461 2788 Lys.
1493 2731 1579 2776 726

247 2793 463 2844 ἕλκουσιν.
493 2801 574 2858 ἡδὶ
603 2804 707 2857 γοῦν
736 2818 804 2852 τις
833 2802 980 2846 αὐτῶν
1011 2801 1197 2861 ἔρχεται.

246 2875 321 2917 καὶ
348 2875 439 2934 μὴν
470 2876 559 2933 ὁρῶ·
589 2879 665 2921 καὶ
694 2878 990 2938 Βλεψίδημον
1018 2882 1195 2924 τουτονὶ
1354 2880 1468 2924 Plut.
1501 2879 1588 2924 332

213 2945 513 3002 *προσιόντα

1506 3036 1529 3072 6
