2053 3404
787 267 1078 311 -47-

296 397 396 452 ἐμοὶ
428 398 483 439 σὺ
515 398 706 440 ταυτασὶ
735 397 885 453 λαβὼν
916 396 1028 439 ὀκτώ
1059 396 1259 452 δραχμὰς
1402 399 1507 442 Ach.
1539 397 1624 441 130

261 470 285 496 *
299 468 501 518 σπονδὰς
522 472 716 527 ποίησον
736 467 851 524 πρὸς
869 469 1251 524 Λακεδαιμονίους
1270 468 1391 523 μόνῳ

292 540 367 583 καὶ
397 541 514 582 τοῖσι
544 542 768 583 παιδίοισι
796 541 872 583 καὶ
901 543 957 598 τῇ
988 537 1229 596 πλάτιδι.1)

294 626 373 666 νῦν
404 618 482 667 οὖν
510 639 566 678 με
596 626 774 679 πρῶτον
804 624 912 678 πρὶν
942 623 1081 678 λέγειν
1112 622 1278 665 ἐάσατε
1400 623 1505 666 Aah.
1540 622 1624 664 383

296 694 660 738 ἐνσκευάσασθαι
688 694 733 750 μ’
765 689 862 738 οἷον
892 693 1190 738 ἀθλιώτατον.

232 778 280 802 **
292 776 479 821 ἐνταῦθ’
511 777 742 834 ἀγοράζειν
772 780 889 821 πᾶσι
918 776 1293 836 Πελοποννησίοις
1402 778 1508 820 Ach.
1541 775 1626 818 720

256 847 439 900 *ἔξεστι
468 849 542 890 καὶ
571 852 827 904 Μεγαρεῦσι
855 850 931 891 καὶ
962 852 1193 898 Βοιωτίοις
1222 865 1259 890 κ.
1277 865 1315 890 τ.
1333 848 1371 889 λ.

290 920 495 964 ἐνταῦθα
523 919 635 975 μήτε
666 920 945 978 συκοφάντης
976 919 1122 963 εἰσίτω
1539 918 1624 962 725

288 990 391 1045 μήτ’
423 989 556 1040 ἄλλος
587 986 709 1040 ὅστις
740 991 961 1046 φασιανός
991 991 1082 1033 ἐστ’
1114 991 1240 1047 ἀνήρ.
1599 993 1602 995 ’

80 1064 132 1108 In
162 1075 294 1108 versu
325 1060 352 1105 7
354 1060 413 1106 20
453 1064 636 1106 metrum
673 1062 885 1107 vocabulo
918 1061 1153 1119 ἀγοράζειν
1193 1062 1376 1106 deletur.
1438 1061 1522 1117 Qui
1552 1074 1656 1106 vero
1687 1075 1783 1116 pro-

78 1131 305 1176 nuntiandi
346 1145 506 1176 morem
546 1136 702 1187 poetae
740 1146 794 1176 ex
835 1133 1043 1187 exemplis
1085 1146 1219 1187 supra
1260 1133 1407 1176 allatis
1450 1133 1675 1188 cognovit,
1715 1132 1783 1176 his

78 1203 276 1249 versibus
309 1202 471 1247 auditis
502 1204 748 1259 prodituros
781 1217 879 1248 esse
910 1204 1187 1260 exspectabit
1217 1204 1398 1259 primum
1431 1203 1603 1257 quidem
1633 1204 1782 1259 Mega-

0 1271 1 1312 Ϊ
77 1288 266 1328 rensem,
309 1275 465 1318 deinde
496 1276 729 1328 Boeotum,
770 1279 862 1319 tum
893 1277 1224 1331 sycophantam,
1267 1275 1451 1329 denique
1489 1276 1620 1318 alium
1651 1276 1781 1318 etiam

77 1346 169 1390 eius
201 1345 376 1402 generis
407 1345 633 1401 hominem,
665 1359 805 1402 neque
836 1346 965 1391 fallet
995 1360 1093 1391 eum
1123 1345 1279 1402 opinio.
1314 1371 1363 1377 -

216 1418 529 1473 Argumentum
560 1419 718 1462 Avium
749 1418 927 1462 fabulae
957 1419 1002 1462 in
1033 1419 1234 1463 versibus
1265 1419 1382 1462 inest
1415 1418 1498 1461 183
1522 1432 1579 1462 SS.

286 1486 342 1544 ἢν
373 1487 413 1532 δ’
445 1487 638 1546 οἰκίσητε
668 1491 800 1532 τοῦτο
831 1489 906 1531 καὶ
937 1487 1139 1546 φράξηθ’
1170 1484 1312 1543 ἅπαξ,

288 1558 335 1601 ἐκ
365 1562 444 1601 τοῦ
475 1558 620 1601 πόλου
650 1560 811 1602 τούτου
840 1559 1098 1616 κεκλήσεται
1129 1559 1271 1608 πόλις.

287 1625 389 1671 ὥστ’
412 1626 558 1685 ἄρξετ’
580 1627 837 1687 ἀνθρώπων
856 1629 940 1685 μὲν
961 1624 1111 1685 ὥσπερ
1133 1631 1394 1685 παρνόπων,

252 1699 390 1750 *τούς
422 1699 461 1743 δ’
492 1696 549 1743 αὖ
579 1700 717 1750 θεοὺς
747 1700 958 1743 ἀπολεῖτε
988 1699 1099 1755 λιμῷ
1128 1699 1280 1757 μηλίῳ.

288 1806 297 1816 .
320 1806 329 1816 .
351 1806 362 1816 .
394 1766 504 1814 ὅταν
533 1772 738 1814 θύσωσιν
769 1767 1006 1827 ἅνθρωποι
1036 1773 1177 1824 θεοῖς,
1394 1774 1476 1817 AV.
1511 1772 1596 1817 190

284 1840 339 1898 ἢν
367 1841 427 1898 μὴ
462 1842 604 1898 φόρον
635 1843 829 1899 φέρωσιν
858 1841 964 1896 ὑμῖν
995 1841 1041 1884 οἱ
1068 1845 1188 1896 θεοί,

250 1911 375 1956 *τῶν
403 1917 571 1971 μηρίων
601 1914 682 1969 τὴν
711 1915 867 1956 κνῖσαν
899 1913 950 1956 οὔ
981 1915 1265 1971 διαφρήσετε.

285 1993 359 2038 ἔα·
392 1999 512 2050 θεοί,
534 1998 632 2039 ’Ζεῦ
657 1998 813 2054 σῶτερ,
845 1995 960 2040 εἷσῐν
991 1995 1180 2047 ἐλπίδες.
1396 1999 1566 2043 Thesm.
1601 1998 1713 2042 1009

286 2066 398 2123 ἁνὴρ
429 2064 571 2109 ἐὀικεν
603 2066 654 2108 οὗ
686 2067 943 2122 προδώσειν
973 2066 1089 2108 ἄλλά
1119 2083 1195 2122 μοι

249 2138 470 2195 *σημεῖον
500 2136 762 2196 ὑπεδήλωσε
792 2137 989 2194 Περσεὺς
1020 2137 1265 2194 ἐκδραμών,

229 2205 276 2230 **
290 2204 359 2250 ὅτι
390 2209 466 2251 δεῖ
486 2224 543 2263 με
571 2207 766 2263 γίγνεσθ’
781 2208 1085 2265 Ἀνδρομέδαν.
1117 2210 1294 2258 πάντως
1326 2210 1377 2252 δέ
1407 2226 1483 2265 μοι
1509 2254 1514 2257 ,

283 2278 341 2320 τὰ
373 2278 501 2333 δέσμ’
522 2279 727 2334 ὑπάρχει.
760 2279 899 2335 δῆλον
931 2274 1009 2323 οὖν
1039 2279 1157 2322 τοῦτ’
1178 2277 1281 2322 ’ἐσθ’
1305 2277 1372 2324 ὅτι

282 2343 380 2405 ἥξει
407 2364 465 2405 με
495 2341 675 2393 σώσων·
709 2348 760 2393 οὖ
790 2349 873 2407 γὰρ
904 2346 962 2394 ἂν
993 2349 1263 2408 παρέπτετο.

281 2430 340 2473 τοὶ
369 2430 454 2486 μὲν
484 2430 591 2488 παρ’
623 2432 728 2488 ἡμῖν
759 2433 860 2476 ἴσθι
892 2444 964 2477 σοι
995 2434 1294 2489 πεπεισμένα·
1394 2435 1564 2479 Thesm.
1599 2435 1713 2479 1170

282 2500 362 2545 τὸν
390 2501 623 2559 βάρβαρον
653 2502 704 2547 δὲ
734 2506 895 2547 τοῦτον
926 2503 1059 2554 αὐτὸς
1090 2506 1229 2548 πεῖθε
1260 2506 1329 2550 σύ.

282 2582 372 2639 ᾤου
401 2583 442 2628 δ’
474 2584 640 2643 ἐρήμας
671 2585 724 2629 οὖ
754 2585 986 2645 παρούσης
1017 2586 1182 2631 ἐνθαδὶ
1396 2588 1514 2633 Eccl.
1546 2589 1632 2632 885

212 2725 248 2766 1)
273 2724 312 2760 Si
345 2729 460 2770 poeta
491 2727 738 2772 spectantium
771 2728 1085 2773 exspectationem
1116 2729 1276 2764 excita-e
1309 2730 1479 2774 volebat,
1511 2730 1567 2765 ita
1590 2729 1668 2766 fere
1693 2741 1775 2766 sen-

68 2780 186 2817 tentia
210 2782 597 2834 conformanda‘erat:
632 2786 895 2834 „Amphithee‚
927 2787 1040 2825 velim
1070 2798 1196 2835 pacem
1228 2787 1317 2825 mihi
1350 2788 1418 2826 soli
1441 2792 1510 2829 etc.
1536 2788 1660 2826 facere
1694 2801 1775 2828 cum

67 2836 149 2876 Lac.
175 2842 326 2879 coneris.
367 2843 439 2879 Sed
462 2854 522 2880 res
548 2850 606 2882 eet
630 2845 757 2892 magni
779 2846 957 2892 periculi5
983 2847 1252 2884 insidiabuntur
1273 2847 1346 2884 tibi
1366 2848 1507 2886 rustici.
1548 2849 1771 2886 Audesne?“

68 2894 182 2935 Poeta
211 2908 299 2937 vero
333 2899 548 2939 huiusmodi·
573 2904 886 2950 exspectationem
921 2905 1148 2942 excitandam
1180 2906 1325 2943 omnino
1357 2916 1431 2943 non
1455 2901 1625 2953 'cm-avit,
1664 2907 1774 2944 immo

69 2953 203 2994 vitavit
227 2962 267 2995 et
291 2958 502 2998 declinavit.
