2053 3404
820 231 1114 275 -23-

867 358 1069 418 vespae.

331 448 410 488 νῦν
431 444 470 488 δ’
494 443 545 487 οὐ
565 445 710 499 κρατῶ
732 442 801 497 ’yda
822 445 910 485 τῶν
934 441 1128 497 ἔμαυτόῦ
1147 441 1395 499 χρημάτων.
1436 440 1550 483 1354

334 515 428 565 νέος
455 502 539 571 γάρ
570 512 657 569 εἶμι
686 514 760 555 καὶ
791 512 1072 569 φυλάττομαι
1103 512 1297 568 σφόδρα.

269 584 380 628 **το“
411 585 493 642 γὰρ
523 584 685 627 υἴίδιον
715 586 843 641 τηρεῖ
864 599 935 638 με,
965 580 1098 625 κᾶστι
1128 581 1349 624 δύσκολον

328 653 495 704 κᾶλλως
524 652 1225 710 κυμινοπριστοκαρδαμόγλυφον.

272 724 321 754 **
331 725 454 768 ταῦτ’
477 718 556 768 οὖν
586 727 695 780 περί
719 739 805 779 μου
836 723 1009 766 δέδοικε
1037 722 1098 780 μὴ
1132 723 1389 778 διαφθαρῶ.

329 795 479 853 πατὴρ
508 795 591 850 γὰρ
624 794 768 843 οὐδείς
798 794 920 836 ἐστιν
953 792 1072 847 αὐτῷ
1103 792 1223 848 πλὴν
1254 791 1375 847 ἐμοῦ.

116 878 405 923 Facetissimo
445 878 539 922 ioco
581 877 672 921 stili
712 877 871 933 tragici
911 889 1086 929 versus,
1130 876 1203 929 qui
1242 876 1401 919 insana
1437 875 1517 919 illa
1558 876 1675 920 senis
1716 876 1821 919 ficta

118 950 362 1002 continent,
408 962 504 992 cum
549 949 749 993 versibus
795 947 968 991 comicis
981 981 991 1000 ‚
1037 947 1110 1000 qui
1150 947 1383 991 veritatem
1428 947 1674 1000 continent,
1722 960 1820 990 con-

118 1020 371 1065 funduntur.

912 1097 1026 1147 Pax.

257 1199 327 1228 vv.
360 1184 445 1227 124
467 1182 661 1227 s.-149.
721 1185 960 1238 'l‘rygaeus‚
992 1183 1117 1236 quasi
1147 1184 1438 1237 Bellerophon
1470 1183 1540 1236 sit,
1577 1183 1623 1225 in
1654 1184 1822 1226 caelum

117 1255 331 1310 proficisci
362 1252 555 1310 coepit.²)
617 1254 776 1298 Valere
807 1253 928 1297 iubet
958 1253 1102 1306 filiam,
1139 1266 1250 1307 quae
1280 1253 1397 1297 inter
1428 1253 1515 1297 alia
1544 1254 1654 1297 haec
1685 1256 1821 1306 curat,

117 1328 165 1368 ut
204 1325 513 1382 τραγικώτερος
552 1325 609 1368 ad
649 1325 754 1368 deos
795 1324 947 1369 veniat
988 1323 1063 1380 (cf.
1095 1337 1166 1368 vv.
1199 1323 1284 1367 135
1308 1322 1383 1380 s.)‚
1429 1324 1645 1379 tragicum
1685 1324 1822 1379 igitur

118 1409 214 1440 eum
254 1396 339 1440 iam
381 1409 496 1439 nunc
537 1408 635 1440 esse
675 1395 773 1450 ipsa
814 1395 1056 1439 confitetur.
1118 1395 1260 1440 Huius
1303 1409 1490 1439 scaenae
1528 1396 1822 1439 trimetrorum

117 1467 363 1511 indissoluti
394 1469 496 1509 sunt
527 1466 596 1518 22,
627 1466 787 1519 tragici
817 1466 856 1517 2,
889 1466 1040 1508 comici
1070 1465 1110 1508 2.

898 1594 1038 1642 Aves.

259 1692 331 1724 vv.
364 1677 669 1733 1238-1242,
711 1677 839 1732 1257,
881 1677 1007 1723 1259.
1077 1678 1161 1723 Iris
1206 1679 1353 1724 verbis
1394 1680 1661 1724 Pisthetaeri
1705 1680 1823 1724 irata

118 1750 238 1792 illum
253 1749 478 1803 increpat,
509 1749 635 1802 quasi
664 1749 919 1805 tragoediae
952 1749 1035 1792 dea
1066 1762 1121 1792 ex
1150 1749 1352 1793 machina
1373 1750 1443 1794 sit.
1486 1751 1651 1794 Versus
1673 1763 1822 1794 omnes

118 1819 366 1863 indissoluti
416 1822 540 1871 sunt,
592 1820 630 1862 si
681 1816 844 1875 ῧβρῶς
894 1820 939 1862 in
985 1833 1117 1864 versu
1164 1820 1277 1863 1259
1330 1835 1409 1874 per
1464 1821 1685 1875 synizesin
1734 1822 1823 1876 legi

120 1888 333 1934 concedis.
371 1919 375 1923 -

704 1970 1240 2031 Thesmophoriazusae.

262 2056 333 2088 vv.
366 2042 599 2087 134-145

331 2114 407 2174 καὶ
439 2113 479 2155 σ’
511 2111 545 2156 ὦ
575 2117 736 2168 νεᾶνις,
767 2111 862 2171 ἣτις
893 2110 949 2169 εἴ,
979 2114 1074 2157 κατ’
1105 2114 1324 2169 Αἰσχύλον
1442 2114 1526 2157 134

93 2242 95 2245 Α
335 2182 381 2225 ἐκ
413 2186 493 2240 τῆς
523 2188 819 2242 Λυκουργείας
850 2185 1038 2242 ἐρέσθαι
1067 2185 1309 2242 βούλομαι·

121 2262 189 2306 Ad
220 2264 495 2320 Agathonem
526 2266 820 2312 Mnesilochus
862 2280 910 2312 se
951 2267 1108 2323 vertit3
1155 2267 1399 2324 Aeschylus
1442 2267 1710 2313 nominatur:
1757 2282 1823 2314 se-

120 2337 309 2387 quuntur
339 2350 409 2382 vv.
440 2337 591 2382 indiss.
625 2337 664 2390 6,
694 2341 807 2394 trag.
839 2338 879 2382 4.

885 2461 1062 2514 Ranae.

261 2546 434 2590 Aeacus
486 2546 645 2590 falsum
691 2548 923 2591 Herculem
975 2547 1093 2592 fores
1138 2548 1384 2602 pulsantem
1435 2550 1716 2593 vehementer
1758 2550 1822 2593 in-

119 2617 272 2669 crepat
303 2617 434 2669 atque
470 2606 515 2659 in
546 2616 755 2671 longioris
787 2617 997 2661 orationis
1036 2617 1122 2660 fine
1163 2618 1363 2662 versibus
1405 2618 1555 2663 indiss.
1587 2618 1644 2662 47
1647 2618 1792 2663 4—47
1796 2620 1823 2662 8

118 2698 282 2739 poenas
324 2685 553 2739 describit,
594 2699 704 2740 quae
745 2689 952 2731 maneant
982 2687 1159 2731 Cerberi
1198 2690 1418 2742 raptorem
1457 2688 1545 2744 ita,
1585 2691 1636 2733 ut
1675 2690 1823 2735 verbis

111 2768 287 2818 ‘quoque
317 2755 500 2813 tragicis
530 2758 693 2802 utatun

263 2922 300 2965 1)
324 2922 420 2958 Vide
447 2923 685 2969 Bakhuyzen,
711 2925 756 2960 de
780 2924 935 2969 parodia
959 2924 999 2960 in
1023 2924 1220 2961 comoediis
1245 2925 1500 2971 Aristophanis
1523 2938 1558 2973 p.
1584 2929 1630 2964 72
1646 2939 1674 2965 S.
