2053 3404
912 226 1206 271 -12...

203 356 286 401 His
317 355 534 412 versibus,
566 357 639 412 qui
670 357 811 401 nullos
844 355 1070 400 continent
1100 353 1433 411 pedes'‘s01utos
1464 355 1551 400 nisi
1576 356 1621 400 in
1643 368 1751 401 voce
1770 360 1912 398 Λακε-

203 428 463 479 δαιμονίους
493 441 581 470 non
611 428 830 479 evitabili,
870 427 1147 480 Dicaeopolis
1179 427 1440 480 Amphitheo
1472 441 1526 470 ea
1557 428 1760 481 explicat,
1800 439 1911 479 quae

201 496 290 540 iam
320 496 526 543 facienda
557 498 657 552 sint,
698 500 743 542 et
774 497 990 541 actionem
1020 499 1152 552 parat
1181 496 1334 552 ipsam.
1394 498 1551 552 Itaque
1592 498 1649 542 ad
1689 497 1911 543 auditores

202 567 313 609 haec
343 568 506 611 maiore
538 580 644 611 sono
675 567 904 610 recitanda
934 569 1049 619 sunt,
1081 567 1183 620 quia
1213 568 1358 610 omnia
1386 568 1433 610 in
1462 569 1547 611 hac
1571 568 1723 611 fabula
1741 568 1912 611 initium

203 638 368 681 ducunt
400 640 454 682 ab
485 639 579 693 ipso
611 639 693 682 hoc
723 637 911 682 foedere.
943 662 1000 668 -

346 720 651 775 Athenienses,
683 719 756 764 ubi
779 719 1040 764 Sitalcorum
1072 719 1310 764 exercitum
1343 721 1760 776 appropinquantem
1792 720 1910 765 vide-

203 792 304 845 rint,
336 792 596 835 Sitalcorum
626 805 706 835 rex
737 791 931 835 dicturos
963 804 1061 836 esse
1092 793 1241 846 putat:

418 863 525 910 ὅσον
555 868 606 910 τὸ
639 870 789 924 χρῆμα
819 868 1068 924 παρνόπων
1098 867 1411 924 προσέρχεται.
1528 868 1614 912 150

201 950 391 993 Rettulit
430 952 541 994 haec
580 944 789 994 Theorus.
858 952 1023 994 Postea
1063 951 1214 994 eodem
1254 951 1379 994 modo
1420 951 1708 1012 Amphitheus
1744 951 1908 994 Achar-

201 1033 361 1065 nenses
392 1021 556 1066 dixisse
586 1020 748 1066 refert:

415 1097 620 1147 σπονδὰς
651 1098 799 1155 φέρεις
829 1101 918 1140 τῶν
948 1097 1162 1153 ἀμπέλων
1182 1098 1462 1156 τετμημένων
1471 1114 1488 1150 ,·
1527 1097 1613 1141 183

200 1180 317 1223 Ecce
349 1181 433 1223 duo
464 1181 737 1225 monosticha
766 1181 1040 1225 indissoluta.
1075 1207 1127 1212 —

419 1260 499 1316 ἐγώ
532 1261 583 1305 δὲ
615 1262 844 1319 φεύξομαί
869 1279 916 1318 γε
945 1262 1047 1313 τοὺς
1072 1263 1303 1319 Ἀχαρνέας
1317 1262 1352 1320 1)
1527 1261 1613 1306 203

199 1344 488 1399 Amphitheus
535 1345 649 1389 hunc
694 1359 869 1390 versum
914 1346 1108 1391 recitans
1155 1346 1269 1400 abit,
1314 1346 1463 1400 itaque
1509 1358 1673 1390 scaena
1717 1358 1767 1389 eo
1808 1357 1907 1388 con-

200 1415 402 1459 cluditur.
473 1416 714 1461 Praeterea
753 1416 824 1461 hic
863 1430 1019 1462 versus
1061 1416 1352 1461 memorabilis
1393 1419 1484 1470 est,
1531 1416 1634 1471 quia
1677 1415 1807 1460 meris
1853 1428 1908 1459 ex

198 1486 354 1530 iambis
388 1488 574 1541 constat,
606 1487 872 1542 aptissimus,
904 1488 977 1542 qui
1008 1501 1036 1533 a
1065 1488 1264 1544 fugiente
1294 1488 1516 1532 recitetur.
1578 1488 1631 1531 In
1662 1486 1908 1531 memoriam

198 1557 280 1600 tibi
311 1565 491 1601 revoces
513 1557 675 1602 Catulli
700 1559 939 1613 phaselum,
972 1559 1044 1612 qui
1070 1558 1160 1613 „ait
1179 1558 1319 1602 fuisse
1339 1557 1516 1603 navium
1538 1557 1826 1601 celerrimus.“
1850 1580 1908 1587 —-

413 1643 558 1682 καίτοι
590 1641 774 1684 δέδοικα
800 1640 972 1683 πολλά·
1004 1641 1109 1690 τούς
1128 1658 1178 1684 τε
1195 1640 1280 1697 γὰρ
1303 1641 1493 1695 τρόπους
1525 1639 1613 1683 370

414 1710 518 1759 τούς
548 1713 637 1753 τῶν
667 1710 880 1766 ἀγροίκων
912 1705 1016 1753 οἴδα
1047 1715 1284 1766 χαίροντας
1315 1710 1495 1767 σφόδρα

413 1780 494 1823 ἐάν
523 1797 589 1831 τις
622 1780 782 1831 αὐτοὺς
813 1780 969 1839 εὐλογῇ
998 1782 1073 1825 καὶ
1104 1781 1186 1839 τὴν
1216 1782 1364 1835 πόλιν,

414 1850 528 1909 ἀνὴρ
561 1851 738 1903 ἀλαζὼν
766 1853 841 1895 καὶ
873 1854 1026 1896 δίκαια
1054 1850 1236 1908 κᾶδικα·

410 1922 650 1965 κάνταῦθα
679 1922 958 1965 λανθάνουσ’
990 1922 1395 1978 ἄπεμπωλώμενοι·

413 1995 502 2036 τῶν
532 1992 569 2036 τ’
602 1989 660 2035 αὗ
689 1993 906 2049 γερόντων
939 1988 1043 2036 οἴδα
1073 1993 1153 2043 τὰς
1184 1992 1334 2050 ψυχᾶς
1367 1990 1435 2035 ὅτι
1524 1992 1611 2036 375

413 2063 546 2106 οὐδὲν
575 2063 823 2118 βλέπουσιν
854 2062 965 2106 ἄλλο
996 2063 1114 2120 πλὴν
1145 2064 1295 2123 ψήφῳΙ
1317 2065 1481 2106 δακεῖν.

197 2144 267 2190 Ad
307 2147 601 2191 Athenienses
647 2149 779 2201 poeta
820 2160 1062 2191 sermonem
1103 2147 1275 2191 direxit.
1346 2146 1557 2191 Versibus
1597 2146 1795 2202 graviter
1835 2146 1906 2190 de-

197 2217 475 2261 currentibus
507 2217 627 2262 cives
657 2217 918 2273 perstringit
948 2217 1096 2263 verbis
1128 2216 1422 2262 acerbissimis
1459 2216 1712 2271 strictisque
1751 2215 1907 2260 iambis

197 2287 325 2341 quasi
354 2287 514 2343 gladio.
545 2311 603 2318 -—
1758 2333 1761 2336 .

338 2369 509 2414 Deinde
559 2369 815 2413 insistamus
866 2370 910 2413 in
957 2382 1088 2415 versu
1130 2368 1229 2414 571.
1309 2369 1556 2414 Lamachus
1605 2369 1650 2413 in
1702 2381 1906 2414 scaenam

194 2440 341 2495 prodit
371 2440 604 2495 movetque
635 2439 771 2484 risum
801 2439 1046 2484 maximum.
1107 2439 1315 2484 Armatus
1347 2438 1461 2484 enim
1502 2439 1595 2485 eius
1625 2441 1906 2495 portentosas

196 2524 249 2554 ac
279 2512 583 2554 monstruosus
625 2512 716 2563 est,
757 2510 956 2554 incessus
998 2509 1124 2553 militi
1164 2510 1229 2553 illi
1259 2509 1463 2554 Plautino
1495 2510 1736 2555 simillimus
1768 2524 1821 2555 ac
1850 2524 1906 2555 ne

194 2594 339 2625 rerum
361 2582 600 2625 concentus
621 2580 821 2635 violetur,
853 2582 902 2625 ut
922 2593 1066 2625 merus
1089 2578 1641 2639 σαλπιγγολογχυπηνάδης
1659 2581 1907 2637 Aeschylea

194 2650 289 2694 fere
319 2650 459 2694 utitur
488 2650 701 2694 dictione:

340 2790 377 2835 1)
400 2791 516 2828 Varia
537 2791 649 2828 lectio
682 2795 806 2829 exstat
838 2779 1085 2842 φενξοῢμαι
1125 2791 1164 2827 in
1197 2791 1278 2827 cod.
1303 2791 1359 2837 B,
1396 2791 1454 2827 cui
1489 2803 1534 2828 ea
1572 2792 1617 2828 de
1655 2801 1767 2828 causa
1800 2802 1906 2838 prae-

194 2849 389 2886 ferendum
420 2860 502 2887 esse
533 2853 625 2896 puto
665 2845 904 2900 φεύξομαι,
944 2848 1031 2894 quia
1065 2853 1227 2895 augetur
1265 2849 1481 2887 volubilitas
1520 2850 1639 2887 metri.
1705 2850 1906 2888 Praeterea

194 2908 280 2946 vide
306 2919 399 2954 quae
423 2907 537 2945 attuli
559 2907 599 2944 in
623 2907 743 2954 partis
766 2907 906 2945 tertiae
929 2906 1010 2953 91.
