2053 3404
824 236 1115 283 —37—

335 368 386 412 οὖ
418 370 569 421 δεῖνα,·
597 371 763 411 ’θᾶσθε
793 369 907 411 τῶδε
937 368 1039 418 τὰς
1050 368 1262 418 ἀπιστίας
1438 370 1544 416 Ach.
1574 368 1660 413 770

334 438 385 482 οὔ
417 456 527 496 φατι
557 439 695 483 τάνδε
725 442 877 495 χοῖρον
901 432 1028 496 ἦμεν.

333 542 343 551 .
367 541 376 551 .
400 542 410 552 .
432 512 506 552 καὶ
537 513 625 552 τῶν
654 512 836 552 θεατῶν
868 506 988 559 ὅστις
1021 509 1116 552 ἐστὶ
1149 511 1295 559 δεξιός
1439 511 1546 563 Equ.
1578 510 1663 552 228

332 606 389 613 —-
420 606 478 612 —
510 606 565 613 —
599 580 885 636 ξυλλήψεται.

783 661 789 665 ⁴
815 683 825 694 .
848 684 858 695 .
880 684 890 695 .
913 650 1091 700 πάντως
1120 666 1166 705 γε
1195 650 1285 706 μὴν
1438 651 1548 704 Equ.
1580 649 1665 693 232

330 721 662 776 γνωσθήσεται·
695 720 747 762 τὸ
779 720 861 777 γὰρ
893 721 1092 775 θέατρον
1122 721 1285 771 δεξιόν.

295 793 392 847 *τῷ
423 790 519 847 δῆτ’
551 788 608 833 ἄν
640 826 648 836 .
672 826 681 836 .
704 825 714 836 .
744 790 1020 849 χρησάμενος
1050 795 1263 850 τεκμηρίῳ
1437 791 1545 845 Equ.
1580 789 1692 833 1209

331 862 516 917 δόξαιμι
545 855 707 918 κρίνειν
737 864 829 911 τοῖς
859 850 1097 919 θεαταῖσιν
1128 866 1304 919 σοφῶς,ο

330 934 373 975 τὶ
405 932 501 989 δῆτ’
533 931 698 975 ἐκεῖνον
728 931 807 993 τὸν
843 924 999 989 Θαλῆν
1030 933 1349 988 θαυμάζομεν,·
1435 933 1544 976 Nub.
1578 930 1663 974 180

330 1005 405 1046 καὶ
435 1005 526 1053 τοῖς
556 1005 746 1053 θεαταῖς
774 1005 904 1061 ῥίπτε
924 1006 1012 1046 τῶν
1031 1006 1213 1060 κριθῶν.
1234 1042 1281 1045 -
1304 1003 1416 1048 ἰδού.
1437 1005 1539 1047 Pac.
1571 1002 1657 1045 962

272 1072 496 1124 *ἔδωκας
526 1072 639 1132 ἤδης
669 1113 716 1116 -
747 1074 798 1132 νὴ
831 1074 911 1117 τὸν
937 1074 1113 1131 Ἑρμῆν,
1148 1069 1262 1117 ὥστε
1292 1091 1338 1130 γε

330 1146 498 1188 τούτων
532 1141 630 1187 ὅσοι
661 1144 747 1201 πέρ
779 1144 866 1187 εἶσι
896 1148 983 1187 τῶν
1014 1146 1252 1200 θεωμένων

332 1215 407 1258 οὐκ
437 1213 559 1258 ἔστιν
591 1215 735 1266 οὐδεὶς
768 1211 888 1265 ὅστις
920 1216 970 1268 οὐ
1000 1216 1164 1273 κριθὴν
1195 1215 1298 1271 ἔχει.

608 1318 618 1327 .
642 1318 652 1328 .
684 1284 795 1342 πρὸς
825 1289 966 1329 ταῦτα
994 1287 1056 1343 μὴ
1088 1288 1331 1342 βραδύνετε
1434 1288 1552 1331 Eccl.
1587 1286 1701 1329 1140

329 1358 404 1400 καὶ
433 1359 520 1399 τῶν
550 1359 729 1399 θεατῶν
760 1356 809 1399 εἴ
828 1372 892 1406 τις
924 1354 1073 1407 εὔνους
1103 1358 1320 1412 τυγχάνει,

294 1427 404 1471 *καὶ
434 1430 521 1470 τῶν
547 1430 708 1484 Δκριτῶν
739 1425 780 1470 εἶ
806 1428 865 1483 μή
901 1442 964 1477 τις
996 1426 1183 1485 ἑτέρωσε
1212 1427 1385 1483 βλέπει,

333 1499 409 1542 ἴτω
438 1498 544 1554 μεθ’
575 1492 719 1556 ἡμῶν·
753 1494 904 1542 πάντα
933 1498 1015 1555 γὰρ
1046 1499 1313 1555 παρέξομεν.

263 1583 350 1626 Sed
389 1584 498 1626 haec
539 1584 763 1626 hactenus.
831 1582 1083 1636 Sufficiunt,
1126 1583 1276 1635 credo,
1308 1584 1527 1637 exempla,
1569 1596 1623 1625 ex
1665 1581 1819 1635 quibus

122 1650 277 1698 novum
309 1653 564 1697 comicorum
596 1653 824 1697 artificium
856 1666 1179 1710 cognoscamus.
1238 1654 1405 1698 Maiore
1435 1653 1498 1696 illi
1531 1666 1635 1697 cura
1665 1664 1820 1696 versus

123 1725 178 1767 ad
213 1726 484 1778 spectatores
526 1737 760 1769 conversos
802 1728 1133 1779 composuerunt
1175 1728 1305 1778 atque
1345 1724 1598 1779 diligentius
1639 1736 1714 1766 eos
1747 1736 1819 1765 ex-

121 1794 377 1848 poliverunt.

949 1888 988 1932 2.

260 1959 503 2004 Insolentia
532 1960 721 2004 maxima
751 1960 901 2004 comici
930 1963 1087 2015 poet-ae
1125 1961 1268 2005 omnia
1298 1960 1669 2015 perstrinxerunt3
1707 1960 1821 2002 hunc

120 2029 190 2072 vel
220 2028 339 2073 illum
361 2030 650 2085 spectantium
671 2031 922 2075 nominatim
944 2032 1216 2087 appellantes
1239 2031 1518 2075 acerbissime
1538 2030 1820 2074 irridentibus

121 2099 316 2144 omnibus
358 2101 658 2156 exagitabant.
729 2102 874 2157 Quid?
925 2094 1024 2145 num
1064 2103 1178 2146 forte
1213 2103 1278 2145 illi
1318 2116 1486 2156 quoque
1527 2115 1704 2154 versus,
1747 2101 1820 2155 qui

87 2224 89 2226 Ι
120 2169 228 2213 talia
258 2171 494 2225 continent,
534 2172 691 2227 quippe
724 2173 795 2227 qui
828 2173 883 2216 ad
914 2175 1184 2228 spectatores
1217 2173 1373 2217 directi
1403 2173 1504 2227 sint,
1544 2172 1685 2216 forma
1715 2175 1819 2216 sunt

120 2239 386 2296 elegantiore
397 2243 418 2286 P

259 2325 369 2369 Rem
400 2327 558 2381 optime
588 2327 785 2383 intellegi
816 2341 944 2382 posse
975 2330 1079 2382 puto
1112 2342 1166 2372 ex
1197 2329 1396 2373 versibus
1427 2328 1517 2372 his:

271 2405 318 2432 **
331 2408 515 2452 ἀκούετε
544 2410 653 2466 λεῴ·
683 2408 797 2453 κατὰ
829 2410 886 2453 τὰ
918 2411 1090 2468 πάτρια
1120 2410 1223 2461 τούς
1254 2412 1364 2466 χόας
1434 2412 1540 2455 Ach.
1574 2410 1688 2454 1000

272 2479 320 2505 **
330 2482 478 2527 πίνειν
507 2480 597 2522 ὖπό
629 2484 707 2537 τῆς
739 2481 999 2536 σάλπιγγος’
1020 2481 1035 2539 ΙΙ

339 2552 1279 2610 υ-υυυΙ-υυψυυΙυ-ψ-Ι’
1576 2553 1690 2597 1000

321 2646 445 2672 ,--
467 2623 633 2682 ,όν-Ι
669 2659 698 2672 ,,,
727 2619 937 2682 -υΗὸς
968 2624 1007 2666 δ’
1039 2622 1095 2667 ἂν
1127 2624 1255 2681 ἐκπίῃ

331 2692 594 2749 πρώτιστος,
629 2695 771 2738 ἀσκὸν
800 2698 1112 2753 Κτησιφῶντος
1143 2696 1349 2752 λήψεται.

120 2770 354 2828 Ctesiphon
404 2779 725 2835 perstringitur.
804 2780 912 2824 Post
956 2792 1104 2824 vocem
1153 2777 1224 2832 ὃς,
1277 2793 1304 2823 a
1350 2793 1436 2833 qua
1485 2780 1638 2835 incipit
1688 2781 1821 2834 iocus,

119 2849 390 2954 {vanuerunt
439 2848 649 2899 tribrachi
700 2851 865 2906 dactyli
916 2851 1146 2906 anapaesti
1202 2852 1333 2905 atque
1390 2851 1588 2907 graviter
1638 2854 1820 2896 metrum

149 2916 319 2961 ecurrit.
351 2942 408 2948 -—
