<?xml version="1.0" encoding="UTF-8"?>
<!DOCTYPE html PUBLIC "-//W3C//DTD XHTML 1.0 Transitional//EN"
    "http://www.w3.org/TR/xhtml1/DTD/xhtml1-transitional.dtd">
<html xmlns="http://www.w3.org/1999/xhtml" xml:lang="en" lang="en">
 <head>
  <title>
</title>
<meta http-equiv="Content-Type" content="text/html;charset=utf-8" />
  <meta name='ocr-system' content='tesseract 3.04.00' />
  <meta name='ocr-capabilities' content='ocr_page ocr_carea ocr_par ocr_line ocrx_word'/>
</head>
<body>
  <div class='ocr_page' id='page_1' title='image "./4626793_0021.png"; bbox 0 0 2053 3404; ppageno 0'>
   <div class='ocr_carea' id='block_1_1' title="bbox 742 396 1201 517">
    <p class='ocr_par' dir='ltr' id='par_1_1' title="bbox 742 396 1201 517">
     <span class='ocr_line' id='line_1_1' title="bbox 742 396 1201 517; baseline 0 -28"><span class='ocrx_word' id='word_1_1' title='bbox 742 396 914 491; x_wconf 84' lang='lat' dir='ltr'><strong>Pars</strong></span> <span class='ocrx_word' id='word_1_2' title='bbox 963 418 1201 517; x_wconf 79' lang='lat' dir='ltr'><strong>prima.</strong></span> 
     </span>
    </p>
   </div>
   <div class='ocr_carea' id='block_1_2' title="bbox 310 528 1635 589">
    <p class='ocr_par' dir='ltr' id='par_1_2' title="bbox 310 528 1635 589">
     <span class='ocr_line' id='line_1_2' title="bbox 310 528 1635 589; baseline 0 -11"><span class='ocrx_word' id='word_1_3' title='bbox 310 535 375 578; x_wconf 89' lang='lat' dir='ltr'><strong>De</strong></span> <span class='ocrx_word' id='word_1_4' title='bbox 406 534 615 578; x_wconf 89' lang='lat' dir='ltr'><strong>trimetris</strong></span> <span class='ocrx_word' id='word_1_5' title='bbox 645 534 914 579; x_wconf 78' lang='lat' dir='ltr'><strong>indissolutis</strong></span> <span class='ocrx_word' id='word_1_6' title='bbox 945 534 990 578; x_wconf 91' lang='lat' dir='ltr'><strong>in</strong></span> <span class='ocrx_word' id='word_1_7' title='bbox 1020 547 1145 578; x_wconf 91' lang='lat' dir='ltr'><strong>usum</strong></span> <span class='ocrx_word' id='word_1_8' title='bbox 1176 528 1384 589; x_wconf 81' lang='lat' dir='ltr'><strong>parodiae</strong></span> <span class='ocrx_word' id='word_1_9' title='bbox 1415 533 1635 579; x_wconf 80' lang='lat' dir='ltr'><strong>adhibitis,</strong></span> 
     </span>
    </p>
   </div>
   <div class='ocr_carea' id='block_1_3' title="bbox 898 627 1040 634">
    <p class='ocr_par' dir='ltr' id='par_1_3' title="bbox 898 627 1040 634">
     <span class='ocr_line' id='line_1_3' title="bbox 898 627 1040 634; baseline 0 2770"><span class='ocrx_word' id='word_1_10' title='bbox 898 627 1040 634; x_wconf 95' lang='lat' dir='ltr'><strong> </strong></span> 
     </span>
    </p>
   </div>
   <div class='ocr_carea' id='block_1_4' title="bbox 119 684 1821 1320">
    <p class='ocr_par' dir='ltr' id='par_1_4' title="bbox 489 684 1454 744">
     <span class='ocr_line' id='line_1_4' title="bbox 489 684 1454 744; baseline 0 -12"><span class='ocrx_word' id='word_1_11' title='bbox 489 684 640 744; x_wconf 80' lang='lat' dir='ltr'><strong>caput</strong></span> <span class='ocrx_word' id='word_1_12' title='bbox 670 684 895 744; x_wconf 80' lang='lat' dir='ltr'><strong>primum:</strong></span> <span class='ocrx_word' id='word_1_13' title='bbox 927 684 993 732; x_wconf 85' lang='lat' dir='ltr'><strong>De</strong></span> <span class='ocrx_word' id='word_1_14' title='bbox 1026 685 1226 744; x_wconf 79' lang='lat' dir='ltr'><strong>parodia</strong></span> <span class='ocrx_word' id='word_1_15' title='bbox 1256 684 1454 744; x_wconf 79' lang='lat' dir='ltr'><strong>tragica.</strong></span> 
     </span>
    </p>

    <p class='ocr_par' dir='ltr' id='par_1_5' title="bbox 119 838 1821 1320">
     <span class='ocr_line' id='line_1_5' title="bbox 260 838 1821 895; baseline -0.002 -11"><span class='ocrx_word' id='word_1_16' title='bbox 260 841 312 884; x_wconf 91' lang='lat' dir='ltr'><strong>In</strong></span> <span class='ocrx_word' id='word_1_17' title='bbox 344 839 471 884; x_wconf 89' lang='lat' dir='ltr'><strong>huius</strong></span> <span class='ocrx_word' id='word_1_18' title='bbox 500 839 640 895; x_wconf 88' lang='lat' dir='ltr'><strong>partis</strong></span> <span class='ocrx_word' id='word_1_19' title='bbox 662 839 805 895; x_wconf 87' lang='lat' dir='ltr'><strong>capite</strong></span> <span class='ocrx_word' id='word_1_20' title='bbox 826 839 962 894; x_wconf 87' lang='lat' dir='ltr'><strong>primo</strong></span> <span class='ocrx_word' id='word_1_21' title='bbox 989 839 1043 883; x_wconf 88' lang='lat' dir='ltr'><strong>de</strong></span> <span class='ocrx_word' id='word_1_22' title='bbox 1062 839 1149 883; x_wconf 91' lang='lat' dir='ltr'><strong>illis</strong></span> <span class='ocrx_word' id='word_1_23' title='bbox 1171 839 1380 882; x_wconf 87' lang='lat' dir='ltr'><strong>trimetris</strong></span> <span class='ocrx_word' id='word_1_24' title='bbox 1400 838 1596 883; x_wconf 79' lang='lat' dir='ltr'><strong>iambicis</strong></span> <span class='ocrx_word' id='word_1_25' title='bbox 1629 850 1821 894; x_wconf 77' lang='lat' dir='ltr'>agamus,</span> 
     </span>
     <span class='ocr_line' id='line_1_6' title="bbox 120 909 1821 965; baseline -0.001 -11"><span class='ocrx_word' id='word_1_26' title='bbox 120 924 226 965; x_wconf 86' lang='lat' dir='ltr'><strong>quos</strong></span> <span class='ocrx_word' id='word_1_27' title='bbox 276 909 558 953; x_wconf 87' lang='lat' dir='ltr'><strong>indissolutos</strong></span> <span class='ocrx_word' id='word_1_28' title='bbox 608 910 926 964; x_wconf 82' lang='lat' dir='ltr'><strong>Aristophanes</strong></span> <span class='ocrx_word' id='word_1_29' title='bbox 979 910 1288 962; x_wconf 77' lang='lat' dir='ltr'><strong>conformavit,</strong></span> <span class='ocrx_word' id='word_1_30' title='bbox 1340 912 1389 952; x_wconf 89' lang='lat' dir='ltr'><strong>ut</strong></span> <span class='ocrx_word' id='word_1_31' title='bbox 1438 909 1597 964; x_wconf 80' lang='lat' dir='ltr'><strong>tragici</strong></span> <span class='ocrx_word' id='word_1_32' title='bbox 1647 909 1821 963; x_wconf 89' lang='lat' dir='ltr'><strong>generis</strong></span> 
     </span>
     <span class='ocr_line' id='line_1_7' title="bbox 120 970 1821 1039; baseline -0.002 -13"><span class='ocrx_word' id='word_1_33' title='bbox 120 980 291 1039; x_wconf 87' lang='lat' dir='ltr'><strong>dicendi</strong></span> <span class='ocrx_word' id='word_1_34' title='bbox 329 977 571 1024; x_wconf 77' lang='lat' dir='ltr'><strong>imitatione</strong></span> <span class='ocrx_word' id='word_1_35' title='bbox 611 979 745 1024; x_wconf 87' lang='lat' dir='ltr'><strong>risum</strong></span> <span class='ocrx_word' id='word_1_36' title='bbox 785 970 970 1026; x_wconf 86' lang='lat' dir='ltr'><strong>moveat.</strong></span> <span class='ocrx_word' id='word_1_37' title='bbox 1031 980 1245 1035; x_wconf 85' lang='lat' dir='ltr'><strong>Exempla</strong></span> <span class='ocrx_word' id='word_1_38' title='bbox 1284 979 1567 1024; x_wconf 87' lang='lat' dir='ltr'><strong>inveniuntur</strong></span> <span class='ocrx_word' id='word_1_39' title='bbox 1594 978 1821 1035; x_wconf 86' lang='lat' dir='ltr'><strong>permulta,</strong></span> 
     </span>
     <span class='ocr_line' id='line_1_8' title="bbox 121 1050 1821 1107; baseline -0.002 -11"><span class='ocrx_word' id='word_1_40' title='bbox 121 1053 199 1096; x_wconf 89' lang='lat' dir='ltr'><strong>sed</strong></span> <span class='ocrx_word' id='word_1_41' title='bbox 227 1052 272 1096; x_wconf 93' lang='lat' dir='ltr'><strong>in</strong></span> <span class='ocrx_word' id='word_1_42' title='bbox 304 1051 489 1107; x_wconf 90' lang='lat' dir='ltr'><strong>singulis</strong></span> <span class='ocrx_word' id='word_1_43' title='bbox 520 1051 764 1095; x_wconf 83' lang='lat' dir='ltr'><strong>tractandis</strong></span> <span class='ocrx_word' id='word_1_44' title='bbox 794 1063 910 1095; x_wconf 85' lang='lat' dir='ltr'><strong>nova</strong></span> <span class='ocrx_word' id='word_1_45' title='bbox 941 1051 1079 1094; x_wconf 89' lang='lat' dir='ltr'><strong>oritur</strong></span> <span class='ocrx_word' id='word_1_46' title='bbox 1109 1051 1320 1104; x_wconf 79' lang='lat' dir='ltr'><strong>quaestio,</strong></span> <span class='ocrx_word' id='word_1_47' title='bbox 1358 1064 1469 1104; x_wconf 88' lang='lat' dir='ltr'><strong>quae</strong></span> <span class='ocrx_word' id='word_1_48' title='bbox 1499 1050 1634 1104; x_wconf 89' lang='lat' dir='ltr'><strong>primo</strong></span> <span class='ocrx_word' id='word_1_49' title='bbox 1666 1051 1821 1093; x_wconf 91' lang='lat' dir='ltr'><strong>obtutu</strong></span> 
     </span>
     <span class='ocr_line' id='line_1_9' title="bbox 120 1120 1820 1175; baseline -0.003 -7"><span class='ocrx_word' id='word_1_50' title='bbox 120 1137 206 1169; x_wconf 91' lang='lat' dir='ltr'><strong>non</strong></span> <span class='ocrx_word' id='word_1_51' title='bbox 235 1122 346 1168; x_wconf 83' lang='lat' dir='ltr'><strong>levis</strong></span> <span class='ocrx_word' id='word_1_52' title='bbox 377 1121 582 1166; x_wconf 79' lang='lat' dir='ltr'><strong>momenti</strong></span> <span class='ocrx_word' id='word_1_53' title='bbox 612 1134 710 1166; x_wconf 88' lang='lat' dir='ltr'><strong>esse</strong></span> <span class='ocrx_word' id='word_1_54' title='bbox 741 1121 926 1175; x_wconf 85' lang='lat' dir='ltr'><strong>videtur,</strong></span> <span class='ocrx_word' id='word_1_55' title='bbox 958 1134 1166 1175; x_wconf 89' lang='lat' dir='ltr'><strong>quosnam</strong></span> <span class='ocrx_word' id='word_1_56' title='bbox 1196 1121 1366 1165; x_wconf 92' lang='lat' dir='ltr'><strong>illorum</strong></span> <span class='ocrx_word' id='word_1_57' title='bbox 1397 1133 1601 1165; x_wconf 86' lang='lat' dir='ltr'><strong>versuum</strong></span> <span class='ocrx_word' id='word_1_58' title='bbox 1633 1133 1687 1164; x_wconf 87' lang='lat' dir='ltr'><strong>ex</strong></span> <span class='ocrx_word' id='word_1_59' title='bbox 1714 1120 1820 1175; x_wconf 89' lang='lat' dir='ltr'><strong>ipsis</strong></span> 
     </span>
     <span class='ocr_line' id='line_1_10' title="bbox 119 1191 1821 1252; baseline -0.003 -13"><span class='ocrx_word' id='word_1_60' title='bbox 119 1194 357 1252; x_wconf 83' lang='lat' dir='ltr'><strong>tragoediis</strong></span> <span class='ocrx_word' id='word_1_61' title='bbox 398 1195 530 1248; x_wconf 89' lang='lat' dir='ltr'><strong>poeta</strong></span> <span class='ocrx_word' id='word_1_62' title='bbox 558 1192 786 1248; x_wconf 88' lang='lat' dir='ltr'><strong>petiverit,</strong></span> <span class='ocrx_word' id='word_1_63' title='bbox 828 1205 944 1245; x_wconf 86' lang='lat' dir='ltr'><strong>cum,</strong></span> <span class='ocrx_word' id='word_1_64' title='bbox 986 1192 1024 1235; x_wconf 89' lang='lat' dir='ltr'><strong>si</strong></span> <span class='ocrx_word' id='word_1_65' title='bbox 1055 1192 1225 1235; x_wconf 88' lang='lat' dir='ltr'><strong>omnino</strong></span> <span class='ocrx_word' id='word_1_66' title='bbox 1263 1205 1348 1235; x_wconf 91' lang='lat' dir='ltr'><strong>non</strong></span> <span class='ocrx_word' id='word_1_67' title='bbox 1381 1194 1484 1235; x_wconf 86' lang='lat' dir='ltr'><strong>sunt</strong></span> <span class='ocrx_word' id='word_1_68' title='bbox 1514 1191 1821 1246; x_wconf 87' lang='lat' dir='ltr'><strong>Aristophanis</strong></span> 
     </span>
     <span class='ocr_line' id='line_1_11' title="bbox 120 1263 1599 1320; baseline -0.003 -9"><span class='ocrx_word' id='word_1_69' title='bbox 120 1267 198 1311; x_wconf 86' lang='lat' dir='ltr'><strong>sed</strong></span> <span class='ocrx_word' id='word_1_70' title='bbox 227 1264 386 1320; x_wconf 87' lang='lat' dir='ltr'><strong>tragici</strong></span> <span class='ocrx_word' id='word_1_71' title='bbox 416 1264 611 1317; x_wconf 85' lang='lat' dir='ltr'><strong>alicuius,</strong></span> <span class='ocrx_word' id='word_1_72' title='bbox 642 1277 728 1308; x_wconf 91' lang='lat' dir='ltr'><strong>non</strong></span> <span class='ocrx_word' id='word_1_73' title='bbox 760 1264 819 1307; x_wconf 88' lang='lat' dir='ltr'><strong>sit</strong></span> <span class='ocrx_word' id='word_1_74' title='bbox 849 1263 1058 1308; x_wconf 90' lang='lat' dir='ltr'><strong>mirabilis</strong></span> <span class='ocrx_word' id='word_1_75' title='bbox 1089 1263 1229 1308; x_wconf 86' lang='lat' dir='ltr'><strong>forma</strong></span> <span class='ocrx_word' id='word_1_76' title='bbox 1260 1263 1599 1319; x_wconf 87' lang='lat' dir='ltr'><strong>elegantissima.</strong></span> 
     </span>
    </p>
   </div>
   <div class='ocr_carea' id='block_1_5' title="bbox 119 1345 1824 2450">
    <p class='ocr_par' dir='ltr' id='par_1_6' title="bbox 119 1345 1821 1815">
     <span class='ocr_line' id='line_1_12' title="bbox 261 1345 1346 1401; baseline -0.002 -11"><span class='ocrx_word' id='word_1_77' title='bbox 261 1349 352 1391; x_wconf 89' lang='lat' dir='ltr'><strong>Iam</strong></span> <span class='ocrx_word' id='word_1_78' title='bbox 385 1359 517 1401; x_wconf 85' lang='lat' dir='ltr'><strong>supra</strong></span> <span class='ocrx_word' id='word_1_79' title='bbox 548 1346 677 1390; x_wconf 89' lang='lat' dir='ltr'><strong>attuli</strong></span> <span class='ocrx_word' id='word_1_80' title='bbox 708 1346 1054 1393; x_wconf 89' lang='lat' dir='ltr'><strong>Acharnensium</strong></span> <span class='ocrx_word' id='word_1_81' title='bbox 1084 1358 1259 1391; x_wconf 90' lang='lat' dir='ltr'><strong>versum</strong></span> <span class='ocrx_word' id='word_1_82' title='bbox 1292 1345 1346 1388; x_wconf 81' lang='lat'><strong>12</strong></span> 
     </span>
     <span class='ocr_line' id='line_1_13' title="bbox 333 1414 1393 1473; baseline -0.001 -14"><span class='ocrx_word' id='word_1_83' title='bbox 333 1419 426 1465; x_wconf 82' lang='grc' dir='ltr'><strong>πῶς</strong></span> <span class='ocrx_word' id='word_1_84' title='bbox 455 1416 572 1459; x_wconf 81' lang='grc' dir='ltr'><strong><em>τοῦτ’</em></strong></span> <span class='ocrx_word' id='word_1_85' title='bbox 600 1414 746 1458; x_wconf 80' lang='grc' dir='ltr'><em>’ἑσεισὲ</em></span> <span class='ocrx_word' id='word_1_86' title='bbox 776 1431 863 1470; x_wconf 86' lang='grc' dir='ltr'><strong>μου</strong></span> <span class='ocrx_word' id='word_1_87' title='bbox 895 1417 1037 1465; x_wconf 80' lang='grc' dir='ltr'><strong><em>δοκεῖς</em></strong></span> <span class='ocrx_word' id='word_1_88' title='bbox 1066 1415 1148 1473; x_wconf 79' lang='grc' dir='ltr'><strong>τήν</strong></span> <span class='ocrx_word' id='word_1_89' title='bbox 1177 1418 1393 1472; x_wconf 73' lang='grc' dir='ltr'><em>καρδίαν,-</em></span> 
     </span>
     <span class='ocr_line' id='line_1_14' title="bbox 122 1487 538 1533; baseline -0.007 0"><span class='ocrx_word' id='word_1_90' title='bbox 122 1487 354 1533; x_wconf 88' lang='lat' dir='ltr'><strong>Antecedit</strong></span> <span class='ocrx_word' id='word_1_91' title='bbox 384 1500 538 1531; x_wconf 84' lang='lat' dir='ltr'><strong>versus</strong></span> 
     </span>
     <span class='ocr_line' id='line_1_15' title="bbox 303 1553 1778 1615; baseline 0 -13"><span class='ocrx_word' id='word_1_92' title='bbox 303 1556 357 1601; x_wconf 82' lang='grc' dir='ltr'><strong>*ὃ</strong></span> <span class='ocrx_word' id='word_1_93' title='bbox 389 1557 428 1601; x_wconf 82' lang='grc' dir='ltr'><strong>δ’</strong></span> <span class='ocrx_word' id='word_1_94' title='bbox 460 1556 555 1615; x_wconf 79' lang='lat' dir='ltr'><strong>(sol.</strong></span> <span class='ocrx_word' id='word_1_95' title='bbox 588 1556 611 1600; x_wconf 85' lang='grc' dir='ltr'><em>ὃ</em></span> <span class='ocrx_word' id='word_1_96' title='bbox 643 1556 797 1615; x_wconf 82' lang='grc' dir='ltr'>κῆρυξ)</span> <span class='ocrx_word' id='word_1_97' title='bbox 831 1556 1013 1600; x_wconf 78' lang='grc' dir='ltr'><em>ἀνεῖπεν</em></span> <span class='ocrx_word' id='word_1_98' title='bbox 1043 1556 1205 1614; x_wconf 82' lang='grc' dir='ltr'><em>,,εἴσ·αγ’</em></span> <span class='ocrx_word' id='word_1_99' title='bbox 1236 1553 1270 1600; x_wconf 74' lang='grc' dir='ltr'><strong><em>ὦ</em></strong></span> <span class='ocrx_word' id='word_1_100' title='bbox 1307 1556 1463 1613; x_wconf 79' lang='grc' dir='ltr'><em>Θέογνι</em></span> <span class='ocrx_word' id='word_1_101' title='bbox 1494 1556 1575 1600; x_wconf 82' lang='grc' dir='ltr'><strong>τὸν</strong></span> <span class='ocrx_word' id='word_1_102' title='bbox 1605 1556 1778 1612; x_wconf 85' lang='grc' dir='ltr'><em>χορόν“.</em></span> 
     </span>
     <span class='ocr_line' id='line_1_16' title="bbox 119 1628 1820 1685; baseline -0.002 -10"><span class='ocrx_word' id='word_1_103' title='bbox 119 1632 270 1675; x_wconf 90' lang='lat' dir='ltr'><strong>Nonne</strong></span> <span class='ocrx_word' id='word_1_104' title='bbox 300 1630 433 1676; x_wconf 90' lang='lat' dir='ltr'><strong>multo</strong></span> <span class='ocrx_word' id='word_1_105' title='bbox 465 1629 605 1685; x_wconf 87' lang='lat' dir='ltr'><strong>magis</strong></span> <span class='ocrx_word' id='word_1_106' title='bbox 636 1628 818 1673; x_wconf 88' lang='lat' dir='ltr'><strong>ridenda</strong></span> <span class='ocrx_word' id='word_1_107' title='bbox 848 1642 919 1672; x_wconf 88' lang='lat' dir='ltr'><strong>res</strong></span> <span class='ocrx_word' id='word_1_108' title='bbox 949 1629 1037 1683; x_wconf 90' lang='lat' dir='ltr'><strong>fiet,</strong></span> <span class='ocrx_word' id='word_1_109' title='bbox 1079 1629 1117 1673; x_wconf 93' lang='lat' dir='ltr'><strong>si</strong></span> <span class='ocrx_word' id='word_1_110' title='bbox 1147 1629 1284 1684; x_wconf 88' lang='lat' dir='ltr'><strong>ipsius</strong></span> <span class='ocrx_word' id='word_1_111' title='bbox 1316 1628 1581 1684; x_wconf 82' lang='lat' dir='ltr'><strong>Theognidis</strong></span> <span class='ocrx_word' id='word_1_112' title='bbox 1612 1641 1820 1683; x_wconf 89' lang='lat' dir='ltr'><strong>ponemus</strong></span> 
     </span>
     <span class='ocr_line' id='line_1_17' title="bbox 122 1699 1821 1754; baseline -0.001 -9"><span class='ocrx_word' id='word_1_113' title='bbox 122 1715 218 1745; x_wconf 88' lang='lat' dir='ltr'><strong>esse</strong></span> <span class='ocrx_word' id='word_1_114' title='bbox 249 1714 420 1745; x_wconf 87' lang='lat' dir='ltr'><strong>versum</strong></span> <span class='ocrx_word' id='word_1_115' title='bbox 452 1699 541 1743; x_wconf 73' lang='lat'><strong>12?</strong></span> <span class='ocrx_word' id='word_1_116' title='bbox 603 1700 743 1753; x_wconf 86' lang='lat' dir='ltr'><strong>Certe,</strong></span> <span class='ocrx_word' id='word_1_117' title='bbox 779 1700 857 1744; x_wconf 89' lang='lat' dir='ltr'><strong>sed</strong></span> <span class='ocrx_word' id='word_1_118' title='bbox 887 1702 1037 1744; x_wconf 87' lang='lat' dir='ltr'><strong>tacent</strong></span> <span class='ocrx_word' id='word_1_119' title='bbox 1068 1700 1245 1744; x_wconf 86' lang='lat' dir='ltr'><strong>scholia.</strong></span> <span class='ocrx_word' id='word_1_120' title='bbox 1307 1701 1461 1754; x_wconf 90' lang='lat' dir='ltr'><strong>Itaque</strong></span> <span class='ocrx_word' id='word_1_121' title='bbox 1493 1701 1546 1744; x_wconf 92' lang='lat' dir='ltr'><strong>de</strong></span> <span class='ocrx_word' id='word_1_122' title='bbox 1576 1701 1659 1744; x_wconf 90' lang='lat' dir='ltr'><strong>hoc</strong></span> <span class='ocrx_word' id='word_1_123' title='bbox 1689 1713 1821 1744; x_wconf 89' lang='lat' dir='ltr'><strong>versu</strong></span> 
     </span>
     <span class='ocr_line' id='line_1_18' title="bbox 122 1770 647 1815; baseline -0.002 0"><span class='ocrx_word' id='word_1_124' title='bbox 122 1772 226 1815; x_wconf 90' lang='lat' dir='ltr'><strong>nihil</strong></span> <span class='ocrx_word' id='word_1_125' title='bbox 257 1770 534 1815; x_wconf 88' lang='lat' dir='ltr'><strong>statuendum</strong></span> <span class='ocrx_word' id='word_1_126' title='bbox 567 1772 647 1815; x_wconf 86' lang='lat' dir='ltr'><strong>est.</strong></span> 
     </span>
    </p>

    <p class='ocr_par' dir='ltr' id='par_1_7' title="bbox 119 1841 1824 2167">
     <span class='ocr_line' id='line_1_19' title="bbox 260 1841 1823 1897; baseline 0.001 -13"><span class='ocrx_word' id='word_1_127' title='bbox 260 1842 499 1897; x_wconf 81' lang='lat' dir='ltr'><strong>Fingamus</strong></span> <span class='ocrx_word' id='word_1_128' title='bbox 530 1844 635 1884; x_wconf 83' lang='lat' dir='ltr'><strong>ve&#39;ro</strong></span> <span class='ocrx_word' id='word_1_129' title='bbox 667 1841 949 1884; x_wconf 86' lang='lat' dir='ltr'><strong>scholiastam</strong></span> <span class='ocrx_word' id='word_1_130' title='bbox 990 1841 1177 1894; x_wconf 89' lang='lat' dir='ltr'><strong>aliquem</strong></span> <span class='ocrx_word' id='word_1_131' title='bbox 1219 1842 1502 1886; x_wconf 89' lang='lat' dir='ltr'><strong>adnotavisse</strong></span> <span class='ocrx_word' id='word_1_132' title='bbox 1543 1855 1598 1885; x_wconf 90' lang='lat' dir='ltr'><strong>ex</strong></span> <span class='ocrx_word' id='word_1_133' title='bbox 1637 1843 1722 1885; x_wconf 87' lang='lat' dir='ltr'><strong>hac</strong></span> <span class='ocrx_word' id='word_1_134' title='bbox 1751 1842 1823 1885; x_wconf 85' lang='lat' dir='ltr'><strong>vel</strong></span> 
     </span>
     <span class='ocr_line' id='line_1_20' title="bbox 121 1910 1823 1968; baseline -0.001 -12"><span class='ocrx_word' id='word_1_135' title='bbox 121 1910 199 1956; x_wconf 90' lang='lat' dir='ltr'><strong>illa</strong></span> <span class='ocrx_word' id='word_1_136' title='bbox 228 1910 492 1968; x_wconf 82' lang='lat' dir='ltr'><strong>Theognidis</strong></span> <span class='ocrx_word' id='word_1_137' title='bbox 523 1910 674 1955; x_wconf 85' lang='lat' dir='ltr'><strong>fabula</strong></span> <span class='ocrx_word' id='word_1_138' title='bbox 704 1911 819 1956; x_wconf 92' lang='lat' dir='ltr'><strong>hunc</strong></span> <span class='ocrx_word' id='word_1_139' title='bbox 849 1922 1023 1956; x_wconf 77' lang='lat' dir='ltr'><strong>versum</strong></span> <span class='ocrx_word' id='word_1_140' title='bbox 1060 1910 1244 1966; x_wconf 88' lang='lat' dir='ltr'><strong>petitum</strong></span> <span class='ocrx_word' id='word_1_141' title='bbox 1276 1923 1396 1965; x_wconf 88' lang='lat' dir='ltr'><strong>esse,</strong></span> <span class='ocrx_word' id='word_1_142' title='bbox 1436 1911 1524 1955; x_wconf 88' lang='lat' dir='ltr'><strong>iam</strong></span> <span class='ocrx_word' id='word_1_143' title='bbox 1561 1924 1688 1967; x_wconf 90' lang='lat' dir='ltr'><strong>porro</strong></span> <span class='ocrx_word' id='word_1_144' title='bbox 1720 1911 1823 1955; x_wconf 91' lang='lat' dir='ltr'><strong>mihi</strong></span> 
     </span>
     <span class='ocr_line' id='line_1_21' title="bbox 122 1982 1823 2035; baseline 0 -9"><span class='ocrx_word' id='word_1_145' title='bbox 122 1984 238 2027; x_wconf 84' lang='lat' dir='ltr'><strong>esset</strong></span> <span class='ocrx_word' id='word_1_146' title='bbox 278 1982 591 2035; x_wconf 89' lang='lat' dir='ltr'><strong>quaerendum,</strong></span> <span class='ocrx_word' id='word_1_147' title='bbox 634 1995 728 2025; x_wconf 90' lang='lat' dir='ltr'><strong>cum</strong></span> <span class='ocrx_word' id='word_1_148' title='bbox 769 1982 1028 2025; x_wconf 89' lang='lat' dir='ltr'><strong>scholiorum</strong></span> <span class='ocrx_word' id='word_1_149' title='bbox 1067 1983 1114 2025; x_wconf 94' lang='lat' dir='ltr'><strong>in</strong></span> <span class='ocrx_word' id='word_1_150' title='bbox 1154 1982 1317 2026; x_wconf 88' lang='lat' dir='ltr'><strong>talibus</strong></span> <span class='ocrx_word' id='word_1_151' title='bbox 1357 1983 1654 2026; x_wconf 85' lang='lat' dir='ltr'><strong>discernendis</strong></span> <span class='ocrx_word' id='word_1_152' title='bbox 1694 1983 1823 2026; x_wconf 89' lang='lat' dir='ltr'><strong>fidem</strong></span> 
     </span>
     <span class='ocr_line' id='line_1_22' title="bbox 119 2050 1824 2108; baseline 0.001 -12"><span class='ocrx_word' id='word_1_153' title='bbox 119 2053 329 2097; x_wconf 86' lang='lat' dir='ltr'><strong>incertam</strong></span> <span class='ocrx_word' id='word_1_154' title='bbox 359 2065 458 2096; x_wconf 84' lang='lat' dir='ltr'><strong>esse</strong></span> <span class='ocrx_word' id='word_1_155' title='bbox 478 2052 562 2096; x_wconf 88' lang='lat' dir='ltr'><strong>viri</strong></span> <span class='ocrx_word' id='word_1_156' title='bbox 583 2053 651 2095; x_wconf 90' lang='lat' dir='ltr'><strong>dd.</strong></span> <span class='ocrx_word' id='word_1_157' title='bbox 674 2052 924 2096; x_wconf 89' lang='lat' dir='ltr'><strong>docuissent</strong></span> <span class='ocrx_word' id='word_1_158' title='bbox 936 2050 984 2108; x_wconf 88' lang='lat'><strong>¹),</strong></span> <span class='ocrx_word' id='word_1_159' title='bbox 1015 2054 1159 2096; x_wconf 89' lang='lat' dir='ltr'><strong>utrum</strong></span> <span class='ocrx_word' id='word_1_160' title='bbox 1189 2053 1297 2096; x_wconf 90' lang='lat' dir='ltr'><strong>fides</strong></span> <span class='ocrx_word' id='word_1_161' title='bbox 1329 2053 1595 2097; x_wconf 80' lang='lat' dir='ltr'><strong>scholiastae</strong></span> <span class='ocrx_word' id='word_1_162' title='bbox 1622 2054 1824 2097; x_wconf 90' lang='lat' dir='ltr'><strong>habenda</strong></span> 
     </span>
     <span class='ocr_line' id='line_1_23' title="bbox 122 2126 418 2167; baseline -0.003 0"><span class='ocrx_word' id='word_1_163' title='bbox 122 2126 239 2167; x_wconf 84' lang='lat' dir='ltr'><strong>esset</strong></span> <span class='ocrx_word' id='word_1_164' title='bbox 268 2135 418 2167; x_wconf 88' lang='lat' dir='ltr'><strong>necne.</strong></span> 
     </span>
    </p>

    <p class='ocr_par' dir='ltr' id='par_1_8' title="bbox 121 2193 1822 2450">
     <span class='ocr_line' id='line_1_24' title="bbox 260 2193 1822 2250; baseline 0.001 -14"><span class='ocrx_word' id='word_1_165' title='bbox 260 2193 485 2236; x_wconf 86' lang='lat' dir='ltr'><strong>Mittamus</strong></span> <span class='ocrx_word' id='word_1_166' title='bbox 531 2193 665 2248; x_wconf 88' lang='lat' dir='ltr'><strong>igitur</strong></span> <span class='ocrx_word' id='word_1_167' title='bbox 704 2195 843 2236; x_wconf 88' lang='lat' dir='ltr'><strong>totam</strong></span> <span class='ocrx_word' id='word_1_168' title='bbox 883 2194 997 2236; x_wconf 90' lang='lat' dir='ltr'><strong>hanc</strong></span> <span class='ocrx_word' id='word_1_169' title='bbox 1041 2193 1360 2247; x_wconf 88' lang='lat' dir='ltr'><strong>quaestionem,</strong></span> <span class='ocrx_word' id='word_1_170' title='bbox 1407 2207 1536 2247; x_wconf 88' lang='lat' dir='ltr'><strong>quam</strong></span> <span class='ocrx_word' id='word_1_171' title='bbox 1582 2208 1632 2237; x_wconf 92' lang='lat' dir='ltr'><strong>eo</strong></span> <span class='ocrx_word' id='word_1_172' title='bbox 1679 2195 1822 2250; x_wconf 88' lang='lat' dir='ltr'><strong>magis</strong></span> 
     </span>
     <span class='ocr_line' id='line_1_25' title="bbox 122 2263 1821 2316; baseline 0.001 -10"><span class='ocrx_word' id='word_1_173' title='bbox 122 2263 292 2307; x_wconf 84' lang='lat' dir='ltr'><strong>mittere</strong></span> <span class='ocrx_word' id='word_1_174' title='bbox 322 2263 425 2306; x_wconf 90' lang='lat' dir='ltr'><strong>mihi</strong></span> <span class='ocrx_word' id='word_1_175' title='bbox 454 2263 599 2316; x_wconf 91' lang='lat' dir='ltr'><strong>liceat,</strong></span> <span class='ocrx_word' id='word_1_176' title='bbox 636 2276 731 2307; x_wconf 89' lang='lat' dir='ltr'><strong>cum</strong></span> <span class='ocrx_word' id='word_1_177' title='bbox 762 2265 843 2307; x_wconf 88' lang='lat' dir='ltr'><strong>hoc</strong></span> <span class='ocrx_word' id='word_1_178' title='bbox 873 2264 967 2307; x_wconf 90' lang='lat' dir='ltr'><strong>loco</strong></span> <span class='ocrx_word' id='word_1_179' title='bbox 998 2277 1138 2308; x_wconf 88' lang='lat' dir='ltr'><strong>meum</strong></span> <span class='ocrx_word' id='word_1_180' title='bbox 1170 2277 1256 2308; x_wconf 91' lang='lat' dir='ltr'><strong>non</strong></span> <span class='ocrx_word' id='word_1_181' title='bbox 1287 2264 1345 2308; x_wconf 92' lang='lat' dir='ltr'><strong>sit</strong></span> <span class='ocrx_word' id='word_1_182' title='bbox 1376 2265 1675 2308; x_wconf 89' lang='lat' dir='ltr'><strong>demonstrare</strong></span> <span class='ocrx_word' id='word_1_183' title='bbox 1705 2266 1821 2308; x_wconf 89' lang='lat' dir='ltr'><strong>unde</strong></span> 
     </span>
     <span class='ocr_line' id='line_1_26' title="bbox 121 2334 1819 2391; baseline 0.001 -14"><span class='ocrx_word' id='word_1_184' title='bbox 121 2334 434 2389; x_wconf 79' lang='lat' dir='ltr'><strong>Aristophanes</strong></span> <span class='ocrx_word' id='word_1_185' title='bbox 465 2335 748 2379; x_wconf 86' lang='lat' dir='ltr'><strong>indissolutos</strong></span> <span class='ocrx_word' id='word_1_186' title='bbox 779 2335 877 2379; x_wconf 87' lang='lat' dir='ltr'><strong>illos</strong></span> <span class='ocrx_word' id='word_1_187' title='bbox 908 2334 1128 2379; x_wconf 87' lang='lat' dir='ltr'><strong>trimetros</strong></span> <span class='ocrx_word' id='word_1_188' title='bbox 1160 2336 1379 2391; x_wconf 86' lang='lat' dir='ltr'><strong>petiverit,</strong></span> <span class='ocrx_word' id='word_1_189' title='bbox 1416 2336 1495 2379; x_wconf 89' lang='lat' dir='ltr'><strong>sed</strong></span> <span class='ocrx_word' id='word_1_190' title='bbox 1525 2349 1608 2389; x_wconf 90' lang='lat' dir='ltr'><strong>quo</strong></span> <span class='ocrx_word' id='word_1_191' title='bbox 1640 2336 1819 2380; x_wconf 88' lang='lat' dir='ltr'><strong>consilio</strong></span> 
     </span>
     <span class='ocr_line' id='line_1_27' title="bbox 122 2405 377 2450; baseline -0.004 0"><span class='ocrx_word' id='word_1_192' title='bbox 122 2405 377 2450; x_wconf 83' lang='lat' dir='ltr'><strong>adhibuerit.</strong></span> 
     </span>
    </p>
   </div>
   <div class='ocr_carea' id='block_1_6' title="bbox 119 2511 1821 2779">
    <p class='ocr_par' dir='ltr' id='par_1_9' title="bbox 119 2511 1821 2779">
     <span class='ocr_line' id='line_1_28' title="bbox 949 2511 990 2556; baseline 0.024 -1"><span class='ocrx_word' id='word_1_193' title='bbox 949 2511 990 2556; x_wconf 84' lang='grc'><strong>2.</strong></span> 
     </span>
     <span class='ocr_line' id='line_1_29' title="bbox 214 2577 1818 2639; baseline 0 -12"><span class='ocrx_word' id='word_1_194' title='bbox 214 2577 216 2579; x_wconf 66' lang='grc'><strong>’</strong></span> <span class='ocrx_word' id='word_1_195' title='bbox 259 2583 517 2637; x_wconf 88' lang='lat' dir='ltr'><strong>Lamachus,</strong></span> <span class='ocrx_word' id='word_1_196' title='bbox 549 2583 603 2627; x_wconf 90' lang='lat' dir='ltr'><strong>de</strong></span> <span class='ocrx_word' id='word_1_197' title='bbox 634 2594 716 2636; x_wconf 90' lang='lat' dir='ltr'><strong>quo</strong></span> <span class='ocrx_word' id='word_1_198' title='bbox 748 2582 833 2626; x_wconf 89' lang='lat' dir='ltr'><strong>iam</strong></span> <span class='ocrx_word' id='word_1_199' title='bbox 866 2586 999 2637; x_wconf 87' lang='lat' dir='ltr'><strong>supra</strong></span> <span class='ocrx_word' id='word_1_200' title='bbox 1031 2582 1101 2638; x_wconf 91' lang='lat' dir='ltr'><strong>egi</strong></span> <span class='ocrx_word' id='word_1_201' title='bbox 1133 2581 1208 2638; x_wconf 88' lang='lat' dir='ltr'><strong>(cf.</strong></span> <span class='ocrx_word' id='word_1_202' title='bbox 1235 2581 1417 2639; x_wconf 79' lang='lat' dir='ltr'><strong>pg.12),</strong></span> <span class='ocrx_word' id='word_1_203' title='bbox 1457 2595 1544 2627; x_wconf 89' lang='lat' dir='ltr'><strong>non</strong></span> <span class='ocrx_word' id='word_1_204' title='bbox 1575 2583 1712 2627; x_wconf 85' lang='lat' dir='ltr'><strong>solum</strong></span> <span class='ocrx_word' id='word_1_205' title='bbox 1745 2583 1818 2627; x_wconf 87' lang='lat' dir='ltr'><strong>ad-</strong></span> 
     </span>
     <span class='ocr_line' id='line_1_30' title="bbox 120 2652 1820 2709; baseline -0.001 -11"><span class='ocrx_word' id='word_1_206' title='bbox 120 2666 273 2699; x_wconf 88' lang='lat' dir='ltr'><strong>versus</strong></span> <span class='ocrx_word' id='word_1_207' title='bbox 304 2653 597 2709; x_wconf 88' lang='lat' dir='ltr'><strong>Dicaeopolim</strong></span> <span class='ocrx_word' id='word_1_208' title='bbox 634 2652 847 2709; x_wconf 88' lang='lat' dir='ltr'><strong>tragicam</strong></span> <span class='ocrx_word' id='word_1_209' title='bbox 878 2664 1106 2708; x_wconf 88' lang='lat' dir='ltr'><strong>personam</strong></span> <span class='ocrx_word' id='word_1_210' title='bbox 1140 2653 1254 2709; x_wconf 90' lang='lat' dir='ltr'><strong>agit,</strong></span> <span class='ocrx_word' id='word_1_211' title='bbox 1297 2654 1374 2697; x_wconf 85' lang='lat' dir='ltr'><strong>sed</strong></span> <span class='ocrx_word' id='word_1_212' title='bbox 1405 2653 1537 2697; x_wconf 88' lang='lat' dir='ltr'><strong>etiam</strong></span> <span class='ocrx_word' id='word_1_213' title='bbox 1576 2653 1621 2696; x_wconf 92' lang='lat' dir='ltr'><strong>in</strong></span> <span class='ocrx_word' id='word_1_214' title='bbox 1652 2654 1820 2697; x_wconf 87' lang='lat' dir='ltr'><strong>Achar-</strong></span> 
     </span>
     <span class='ocr_line' id='line_1_31' title="bbox 119 2724 1821 2779; baseline 0 -10"><span class='ocrx_word' id='word_1_215' title='bbox 119 2724 315 2769; x_wconf 89' lang='lat' dir='ltr'><strong>nensium</strong></span> <span class='ocrx_word' id='word_1_216' title='bbox 346 2725 494 2769; x_wconf 85' lang='lat' dir='ltr'><strong>exodo.</strong></span> <span class='ocrx_word' id='word_1_217' title='bbox 539 2725 807 2769; x_wconf 86' lang='lat' dir='ltr'><strong>Vulneratus</strong></span> <span class='ocrx_word' id='word_1_218' title='bbox 837 2724 883 2767; x_wconf 93' lang='lat' dir='ltr'><strong>in</strong></span> <span class='ocrx_word' id='word_1_219' title='bbox 913 2736 1118 2768; x_wconf 89' lang='lat' dir='ltr'><strong>scaenam</strong></span> <span class='ocrx_word' id='word_1_220' title='bbox 1150 2726 1408 2779; x_wconf 88' lang='lat' dir='ltr'><strong>apportatur</strong></span> <span class='ocrx_word' id='word_1_221' title='bbox 1428 2724 1821 2779; x_wconf 85' lang='lat' dir='ltr'><strong>miserabiliterque</strong></span> 
     </span>
    </p>
   </div>
   <div class='ocr_carea' id='block_1_7' title="bbox 122 2820 402 2826">
    <p class='ocr_par' dir='ltr' id='par_1_10' title="bbox 122 2820 402 2826">
     <span class='ocr_line' id='line_1_32' title="bbox 122 2820 402 2826; baseline 0 0"><span class='ocrx_word' id='word_1_222' title='bbox 122 2820 402 2826; x_wconf 95' lang='lat' dir='ltr'><strong> </strong></span> 
     </span>
    </p>
   </div>
   <div class='ocr_carea' id='block_1_8' title="bbox 259 2867 1819 2912">
    <p class='ocr_par' dir='ltr' id='par_1_11' title="bbox 259 2867 1819 2912">
     <span class='ocr_line' id='line_1_33' title="bbox 259 2867 1819 2912; baseline 0.001 -9"><span class='ocrx_word' id='word_1_223' title='bbox 259 2867 297 2910; x_wconf 92' lang='lat'><strong>1)</strong></span> <span class='ocrx_word' id='word_1_224' title='bbox 320 2868 380 2905; x_wconf 89' lang='lat' dir='ltr'><strong>W.</strong></span> <span class='ocrx_word' id='word_1_225' title='bbox 404 2868 565 2911; x_wconf 74' lang='lat' dir='ltr'><strong>Passow,</strong></span> <span class='ocrx_word' id='word_1_226' title='bbox 590 2868 635 2902; x_wconf 87' lang='lat' dir='ltr'><strong>de</strong></span> <span class='ocrx_word' id='word_1_227' title='bbox 660 2867 906 2911; x_wconf 83' lang='lat' dir='ltr'><strong>Aristophane</strong></span> <span class='ocrx_word' id='word_1_228' title='bbox 933 2867 1183 2911; x_wconf 81' lang='lat' dir='ltr'><strong>defendendo,</strong></span> <span class='ocrx_word' id='word_1_229' title='bbox 1216 2878 1300 2911; x_wconf 81' lang='lat' dir='ltr'><strong>pars</strong></span> <span class='ocrx_word' id='word_1_230' title='bbox 1325 2867 1389 2912; x_wconf 71' lang='lat'><strong>11„</strong></span> <span class='ocrx_word' id='word_1_231' title='bbox 1425 2868 1470 2903; x_wconf 85' lang='lat' dir='ltr'><strong>de</strong></span> <span class='ocrx_word' id='word_1_232' title='bbox 1493 2867 1567 2904; x_wconf 86' lang='lat' dir='ltr'><strong>fide</strong></span> <span class='ocrx_word' id='word_1_233' title='bbox 1593 2868 1819 2904; x_wconf 86' lang='lat' dir='ltr'><strong>scholiorum.</strong></span> 
     </span>
    </p>
   </div>
   <div class='ocr_carea' id='block_1_9' title="bbox 118 2925 557 2972">
    <p class='ocr_par' dir='ltr' id='par_1_12' title="bbox 118 2925 557 2972">
     <span class='ocr_line' id='line_1_34' title="bbox 118 2925 557 2972; baseline 0.005 -10"><span class='ocrx_word' id='word_1_234' title='bbox 118 2925 356 2972; x_wconf 70' lang='lat' dir='ltr'><strong>Hirschbergi</strong></span> <span class='ocrx_word' id='word_1_235' title='bbox 382 2927 484 2962; x_wconf 84' lang='grc'>1898.</span> <span class='ocrx_word' id='word_1_236' title='bbox 553 2962 557 2964; x_wconf 70' lang='grc'><em>,</em></span> 
     </span>
    </p>
   </div>
   <div class='ocr_carea' id='block_1_10' title="bbox 0 3358 982 3404">
    <p class='ocr_par' dir='ltr' id='par_1_13' title="bbox 0 3358 982 3404">
     <span class='ocr_line' id='line_1_35' title="bbox 0 3358 982 3404; baseline 0 0"><span class='ocrx_word' id='word_1_237' title='bbox 0 3358 982 3404; x_wconf 95' lang='lat' dir='ltr'><strong> </strong></span> 
     </span>
    </p>
   </div>
  </div>
 </body>
</html>
