2053 3404
805 224 1098 272 ...39-

316 360 412 402 ἀλλ’
442 357 583 415 affyae’
615 358 709 403 οὐδ’
739 354 794 415 ἦν
822 358 1048 414 κάρδοπος
1078 355 1319 410 Κλεωνύμῳ
1416 357 1525 401 Nub.
1557 356 1641 400 673

315 430 410 474 ἀλλ’
442 430 489 473 ἐν
518 433 632 487 θυίᾳ
663 428 841 486 στρογγί
847 427 900 486 λῃ
930 426 1198 483 ’νεμάττετα

317 501 424 558 ὁρᾷς
431 517 449 554 ,·
478 502 659 556 γυναῖκα
689 499 770 555 τὴν
796 498 996 554 Ἀμυνίαν
1025 496 1181 545 καλεῖς.
1417 499 1527 542 Nub.
1560 498 1641 541 691

258 610 305 614 -
319 570 477 615 οὔκουν
507 571 684 619 δικαίως
713 565 806 625 ἣτις
839 568 890 612 οὐ
921 569 1208 624 στρατεύεται
1213 585 1230 620 ,·

107 646 182 702 (ad
213 640 505 700 spectatores)
537 641 652 697 ἀτὰρ
683 644 732 683 τί
757 639 892 683 ταῦθ’
923 638 954 680 ἃ
984 639 1158 688 πάντας
1190 640 1316 695 ἴσμεν
1344 640 1591 694 μανθάνως

317 748 328 759 .
350 748 360 759 .
382 748 391 759 .
414 714 574 768 δίδωμι
604 711 747 766 χιλίας
777 710 991 766 δραχμάς.
1012 747 1060 752 -
1081 710 1312 765 δεχόμεθα
1421 710 1555 754 Arist.
1588 710 1641 755 fr.
1676 709 1760 753 100

317 783 531 839 δισχίλιαι
560 781 642 838 γάρ
673 780 759 825 εἰσι
790 781 874 825 σὺν
903 784 1000 830 ταῖς
1029 783 1197 823 Νικίου.

320 854 462 910 ῥήτωρ
491 854 574 909 γάρ
607 852 702 895 ἐστι
732 854 812 895 νῦν
841 867 921 906 τις,
955 847 1006 894 ὃν
1025 850 1061 907 γ’
1083 848 1206 894 ’ἐστιν
1225 851 1364 907 λέγειν
1373 868 1389 903 ,·
1421 852 1619 908 Eupolid.
1645 853 1697 896 fr.
1729 852 1784 895 96

259 963 306 967 -.
320 924 344 967 o‘
376 925 602 982 Βουζύγης
633 922 814 980 ἄριστος
844 923 1080 979 ἁλιτήριος.

316 996 594 1050 Πείσανδρος
624 993 685 1043 εἷς
714 992 955 1036 Πακτωλὸν
986 992 1274 1047 ἐστρατεύετο
1419 993 1617 1049 Eupolid.
1643 994 1694 1037 fr.
1729 995 1781 1037 31

258 1067 307 1094 **
317 1065 558 1109 κάνταῦθα
586 1068 663 1122 τῆς
694 1066 906 1121 στρατιᾶς
934 1061 1139 1114 κάκιστος
1168 1056 1224 1120 ἦν
1255 1063 1379 1120 ἀνήρ.

316 1139 579 1193 Πυγμαρίων
608 1135 794 1192 λοχαγὸς
824 1136 870 1177 ὲκ
899 1136 989 1177 ταῖν
1017 1135 1258 1192 κανθάρων

317 1210 405 1250 τῶν
428 1208 624 1262 μεζόνων
645 1203 721 1256 οῧς
742 1203 878 1263 φαντι
907 1206 991 1249 τάν
1011 1206 1173 1250 Αἴτναν
1204 1205 1333 1260 ἔχειν.
1365 1209 1516 1263 Epich.
1528 1208 1581 1253 fr.
1593 1208 1649 1252 57
1662 1209 1806 1267 (Ahr.)

246 1302 500 1356 Sufficiunt,
541 1302 587 1346 ni
617 1302 759 1354 fallor,
799 1302 910 1345 haec
940 1302 1149 1355 exempla.
1209 1301 1413 1356 Inprimis
1444 1303 1670 1358 Eupolidis
1700 1304 1808 1347 illud

108 1374 159 1418 fr.
191 1372 244 1417 31
288 1373 464 1429 dignum
507 1375 596 1426 est,
637 1373 751 1427 quod
791 1371 1041 1417 accuratius
1083 1371 1394 1418 consideretur.
1454 1374 1506 1418 In
1543 1374 1646 1419 belli
1684 1375 1806 1418 Pelo-

107 1443 358 1498 ponnesiaci
388 1445 536 1487 aetate
566 1456 811 1496 versamur,
852 1456 939 1496 qua
968 1445 1088 1486 certe
1128 1443 1266 1486 multa
1302 1444 1477 1487 cantica
1490 1442 1525 1499 1)
1567 1445 1808 1488 huiusmodi

108 1513 381 1558 exstiterunt.
442 1513 543 1557 Mea
573 1512 743 1567 quidem
775 1512 997 1557 sententia
1027 1512 1308 1556 statuendum
1339 1515 1408 1557 est
1445 1517 1522 1558 aut
1552 1514 1808 1569 Eupolidem

107 1585 195 1627 tale
226 1583 443 1627 canticum
472 1583 689 1627 imitatum
720 1596 818 1627 esse
860 1585 936 1626 aut
967 1582 1150 1626 formam
1191 1596 1240 1627 eo
1283 1584 1462 1627 consilio
1495 1585 1808 1640 elegantiorem

107 1653 369 1709 reddidisse,
415 1667 498 1709 quo
544 1653 718 1699 facilius
762 1653 808 1697 hi
853 1666 1008 1698 versus
1054 1653 1259 1698 memoria
1303 1656 1559 1699 tenerentur
1604 1659 1649 1700 et
1694 1656 1810 1701 inter

109 1725 291 1770 omnium
322 1738 401 1770 ora
428 1728 725 1771 versarentur.

247 1809 371 1853 Haec
415 1809 548 1852 habui
599 1821 711 1862 quae
762 1808 950 1852 dicerem
1001 1809 1054 1853 de
1101 1809 1274 1853 comicis
1325 1810 1466 1864 poetis
1518 1811 1808 1865 spectantium

107 1877 366 1923 irrisoribus.
672 1883 675 1887 ’

936 2049 977 2094 3.

145 2178 148 2180 ,
248 2129 363 2174 Nota
394 2132 463 2175 est
493 2131 715 2187 gravitas,
757 2144 843 2185 qua
872 2131 1190 2187 Aristophanes
1232 2132 1389 2178 civium
1430 2134 1540 2180 vitia
1577 2149 1629 2180 ae
1666 2149 1808 2182 mores

109 2202 333 2255 corruptos
364 2202 693 2257 vituperaverit.
743 2203 814 2246 Ex
833 2203 1179 2248 Acharnensium
1198 2198 1312 2257 loco,
1344 2218 1469 2258 quem
1490 2219 1625 2262 supra
1644 2210 1810 2252 tracta-

108 2269 268 2326 vimus,
330 2273 403 2326 qui
453 2276 525 2318 est
572 2273 626 2317 de
683 2274 841 2319 civium
892 2286 999 2330 erga
1054 2278 1252 2319 oratores
1308 2276 1493 2321 blandos
1549 2278 1809 2322 credulitate

109 2338 197 2395 (vv.
228 2339 316 2385 370
345 2355 427 2397 ss.,
476 2344 533 2389 cf.
564 2357 634 2400 pg.
668 2342 766 2401 12),
815 2345 1154 2401 Aristophanem
1198 2348 1305 2391 tunc
1350 2360 1539 2402 quoque,
1585 2361 1682 2393 eum
1726 2351 1809 2394 hoo

109 2411 351 2458 censorium
390 2426 545 2460 munus
580 2413 867 2469 exsethatur,
909 2416 966 2460 ad
1006 2417 1251 2471 aagendam
1291 2419 1502 2462 sermonis
1543 2420 1809 2474 gravit-atem

108 2490 261 2525 versus
300 2481 584 2529 indissolutos
626 2484 833 2529 adhibere
875 2485 1167 2542 cognovimus.
1237 2487 1364 2532 Nune
1401 2488 1573 2543 quidem
1613 2494 1809 2536 nostrum

108 2548 192 2593 erit
221 2563 432 2605 quaerere
462 2554 632 2599 similia.

251 2736 289 2783 1)
309 2738 349 2777 Si
373 2739 456 2787 quis
480 2740 641 2791 offendat
676 2742 716 2783 iu
747 2743 893 2782 nomine
926 2744 1062 2783 cantici
1093 2747 1212 2792 atque,
1236 2748 1352 2794 neget
1382 2757 1552 2791 umquam
1576 2749 1721 2786 cantica
1743 2751 1810 2788 tri-

106 2795 233 2832 metri-
268 2797 434 2835 iambieis
471 2802 676 2848 conscripta
712 2802 913 2849 exstitisse,
949 2814 1078 2841 versus
1114 2804 1287 2851 inspiciat
1318 2805 1608 2844 Acharneusium
1644 2809 1737 2845 1182
1762 2820 1809 2846 ss.

111 2846 258 2919 δεινὸν
298 2848 467 2911 ἐξηύδα
504 2853 640 2910 μέλος
678 2873 715 2902 κ.
742 2872 780 2902 τ.
806 2855 872 2912 λ.,
918 2860 1005 2902 Pae.
1030 2865 1101 2902 289
1125 2875 1173 2903 ss.
1206 2859 1287 2903 νῦν
1323 2856 1443 2903 τοῦτ’
1473 2857 1600 2905 ἐκεῖν’
1627 2856 1721 2919 ἥκει
1758 2864 1810 2908 τὸ

109 2909 302 2957 Δατιδος
328 2909 462 2964 μέλος
490 2929 528 2954 κ.
549 2929 589 2956 τ.
609 2914 649 2957 λ.
1516 2925 1518 2927 ’
