2053 3404
900 260 1191 313 .-14..>

401 398 477 441 καὶ
503 397 598 455 μὴν
632 397 710 442 ὁδί
735 413 799 447 τις
829 397 909 446 τὰς
941 395 1079 453 ὀφρῦς
1109 394 1370 447 ἀνεσπακὼς
1485 396 1599 442 1069

406 463 557 524 ὥσπερ
589 484 630 511 τι
662 467 809 510 δεινὸν
840 466 1027 522 ἀγγελῶν
1059 466 1292 521 ἐπείγεται.

405 539 479 582 ὁδὶ
511 539 562 582 δὲ
592 538 775 587 καύτός·
808 537 904 580 ἀλλ’
936 536 1083 592 ἄνοιγε
1112 536 1194 593 τὴν
1222 537 1387 594 θύραν.
1486 539 1599 584 1189

190 610 272 655 His
305 610 477 665 quidem
508 608 716 654 trimetris
753 608 1025 653 indissolutis
1066 620 1281 664 personae
1321 610 1580 655 nuntiantur
1620 612 1697 654 aut
1738 610 1897 654 descri-

188 682 364 734 buntur,
396 693 507 734 quae
537 680 582 723 in
614 692 817 723 scaenam
848 679 1075 733 prodeunt.

332 891 564 935 Sufficiunt
605 891 804 945 exempla
844 892 1065 943 hucusque
1104 890 1261 944 allata,
1303 890 1458 944 quibus
1500 891 1575 936 via
1615 892 1740 936 nobis
1772 894 1895 947 pate-

190 962 289 1016 fiat,
332 974 418 1016 qua
446 955 789 1017 progrediamur.
851 961 993 1004 Multa
1023 960 1194 1015 quidem
1231 960 1420 1005 artificia
1448 959 1713 1017 invenimus,
1755 963 1898 1006 omnia

189 1037 336 1076 tamen
376 1046 455 1086 per
494 1032 583 1075 tria
623 1045 789 1088 genera
830 1031 1000 1086 disponi
1035 1034 1232 1086 possunt.
1299 1032 1488 1077 Primum
1530 1033 1665 1087 enim,
1707 1046 1802 1077 cum
1844 1034 1896 1078 de

189 1104 390 1148 versibus
413 1102 491 1158 12;
513 1102 597 1147 571
622 1116 680 1147 ss.
721 1102 1068 1146 Acharnensium
1100 1115 1341 1158 ageremus,
1373 1116 1427 1147 ea
1447 1103 1501 1147 de
1522 1116 1658 1148 causa
1677 1104 1898 1149 trimetros

189 1174 436 1229 elegantius
468 1174 706 1229 perpolitos
737 1187 836 1218 esse
866 1173 1066 1227 vidimus,
1097 1176 1146 1217 ut
1176 1174 1431 1230 tragoediae
1460 1174 1716 1229 imitatione,
1749 1176 1823 1219 ubi
1851 1175 1898 1221 111

189 1246 319 1302 nugis
359 1258 607 1300 versemur,
652 1245 768 1290 risus
808 1246 1037 1290 moveatur
1082 1244 1385 1300 spectantium.
1454 1245 1579 1302 Quod
1624 1248 1770 1294 tamen
1811 1260 1896 1291 non

190 1318 363 1372 tragica
395 1318 533 1360 solum
564 1316 796 1361 verborum
828 1316 1113 1360 collocatione
1145 1329 1198 1359 ac
1228 1316 1553 1371 magnificentia
1583 1319 1715 1371 poeta
1743 1317 1898 1370 effecit,

190 1387 535 1441 neque-tragica
566 1388 704 1430 solum
734 1399 938 1431 versuum
969 1386 1121 1440 forma,
1158 1386 1236 1429 sed
1267 1386 1539 1440 indissoluta,
1580 1400 1662 1441 quo
1694 1384 1899 1431 facillime

192 1457 437 1501 auditorum
485 1469 613 1500 aures
661 1456 961 1501 advertantur.
1032 1455 1201 1500 Deinde
1247 1469 1327 1500 nos
1373 1469 1459 1501 non
1501 1455 1617 1513 fugit
1641 1459 1897 1502 >ceterorum

191 1541 299 1582 quos
332 1527 461 1571 attuli
496 1540 694 1572 versuum
736 1526 943 1582 plurimos
984 1539 1035 1571 eo
1068 1526 1247 1570 consilio
1284 1526 1566 1572 indissolutos
1608 1528 1898 1583 composuisse

190 1602 386 1653 poetam,
428 1599 530 1652 quia
561 1601 638 1642 aut
669 1611 825 1642 sensus
856 1598 1109 1652 postulabat
1150 1600 1227 1641 aut
1256 1598 1351 1652 ipse
1381 1599 1561 1643 volebat
1590 1598 1793 1654 graviore
1824 1612 1898 1643 eos

191 1683 296 1714 sono
348 1669 538 1714 recitari.
610 1669 752 1713 Huius
804 1668 978 1725 generis
1030 1668 1179 1714 varias
1229 1668 1423 1713 rationes
1474 1670 1715 1725 percensui.
1796 1670 1898 1715 Sive

191 1743 345 1784 sancte
377 1734 541 1794 aliquid
573 1740 801 1784 adiuretur
836 1742 911 1783 aut
943 1741 1226 1784 vehementer
1262 1741 1541 1794 exclametur,
1573 1741 1667 1785 sive
1699 1741 1899 1785 dilucidis

191 1811 348 1864 aliquis
390 1811 538 1855 verbis
577 1811 783 1854 iubeatur
823 1814 901 1854 aut
942 1811 1124 1854 alicuius
1162 1811 1260 1866 ipsa
1303 1813 1443 1855 verba
1481 1814 1759 1866 repetantur,
1805 1812 1899 1856 sive

190 1881 373 1925 veniens
415 1881 692 1924 describatur
730 1894 919 1935 persona
961 1883 1037 1924 aut
1079 1893 1126 1923 se
1167 1881 1329 1923 ituram
1369 1893 1468 1924 esse
1509 1881 1649 1935 dicat,
1692 1882 1786 1926 sive
1827 1895 1900 1924 ex·
1962 1897 1970 1900 ·

191 1953 378 2007 plicetur
409 1952 573 2005 aliquid
604 1952 927 2007 spectatoribus
970 1954 1047 1995 aut
1078 1951 1307 2006 opprobrio
1339 1951 1488 2004 detur,
1527 1951 1799 1996 indissolutis
1830 1953 1902 1997 vel

192 2026 408 2077 quatenus
439 2023 535 2067 fieri
574 2026 722 2078 potest
752 2022 978 2077 perpolitis
1019 2022 1230 2066 trimetris
1268 2035 1481 2077 personae
1516 2022 1734 2076 loquentis
1765 2024 1902 2067 verba

193 2085 627 2148 comprehenduntur.
678 2094 872 2138 Tertium
904 2093 1089 2147 denique
1119 2106 1258 2148 genus
1291 2095 1360 2137 est
1381 2106 1596 2146 versuum,
1629 2093 1701 2147 qui
1722 2094 1902 2138 consilio

192 2164 361 2219 poetico
402 2165 473 2209 vel
506 2165 770 2220 descriptivo
811 2165 1062 2209 indissoluti
1091 2165 1164 2209 vel
1200 2164 1331 2208 meris
1362 2177 1417 2208 ex
1456 2164 1611 2209 iambis
1643 2164 1901 2209 conformati

193 2240 309 2279 sunt.
385 2236 643 2279 Huiusmodi
692 2236 881 2279 trimetri
930 2235 995 2278 illi
1045 2237 1149 2279 sunt
1200 2235 1354 2279 rustici
1404 2235 1589 2278 hominis
1640 2236 1902 2280 desiderium

193 2307 453 2349 enarrantes
483 2319 640 2350 versus
671 2305 727 2349 33
750 2319 807 2350 ss.
840 2308 884 2350 et
915 2305 1126 2361 fugientis
1158 2305 1409 2360 Amphithei
1439 2318 1594 2350 versus
1625 2305 1725 2350 203.

336 2376 403 2419 De
433 2376 575 2419 tribus
615 2376 752 2431 igitur
786 2376 1092 2429 trimetrorum⁷
1110 2375 1468 2419 indissolutorum
1506 2376 1739 2431 generibus
1779 2377 1903 2421 nobis

192 2460 264 2490 res
297 2449 388 2499 est,
430 2460 543 2500 quae
574 2447 831 2501 singillatim
872 2460 987 2490 nunc
1027 2449 1156 2490 erunt
1191 2447 1516 2500 pertractanda.
1577 2448 1732 2501 Itaque
1763 2454 1903 2492 meum

193 2517 278 2560 erit
308 2518 621 2570 demonstrare,
653 2517 863 2571 quomodo
896 2517 1070 2572 singula
1101 2516 1288 2560 artificia
1319 2529 1452 2571 supra
1483 2517 1660 2561 detecta
1688 2519 1760 2563 vel
1791 2532 1902 2572 quae

193 2588 335 2632 adhuc
365 2588 485 2633 intra
515 2589 848 2642 unumquodque
877 2601 1018 2644 genus
1041 2588 1228 2632 nondum
1250 2589 1448 2633 tractata
1466 2588 1637 2644 lateant
1658 2589 1903 2634 adhibuerit

192 2657 524 2714 Aristophanes,
567 2658 723 2704 deinde
754 2671 878 2714 vero,
920 2661 1025 2713 quot
1056 2671 1203 2703 eorum
1234 2659 1370 2703 ceteri
1400 2658 1527 2702 huius
1559 2659 1721 2703 aetatis
1754 2660 1904 2703 comici

193 2729 408 2784 noverint,
440 2743 618 2784 quorum
651 2730 913 2786 superstites
944 2731 1154 2774 habemus
1185 2730 1420 2774 trimetros
