2053 3404
784 291 1076 338 ..11-

222 423 408 478 Tragico
440 424 511 467 vel
541 423 774 478 grandiore
805 435 910 466 sono
941 424 1012 467 hic
1041 436 1196 467 versus
1227 422 1479 465 recitandus
1510 424 1591 474 est,
1622 419 1782 474 trag-ici

82 494 292 538 sermonis
323 506 440 537 more
472 495 609 538 verba
640 495 744 537 sunt
775 494 988 538 collocata
1027 493 1133 550 (μοῦ
1164 525 1174 535 .
1209 525 1218 534 .
1256 526 1262 533 .
1294 492 1375 547 τὴν
1405 489 1625 547 καρδίαν),
1669 491 1783 544 quod

82 566 200 608 certe
231 563 366 607 risum
396 564 532 608 movit
563 563 812 607 artificium:
848 565 1038 608 rusticus
1069 566 1205 617 homo,
1238 563 1310 617 qui
1341 562 1539 618 tragicae
1569 574 1782 616 personae

81 634 449 690 magnificentiam
479 635 676 678 imitatur
705 637 946 680 verborum.

222 718 439 772 Deinceps
471 718 694 762 videamus
726 731 881 763 versus
912 718 968 761 26
991 732 1024 763 s.

295 813 518 834 v—v—
545 788 552 844 Ι
580 787 905 845 ψ-υεῖρήνη
938 788 976 830 δ’
1009 784 1130 836 ὅπως

291 855 421 901 ’ἐσται
452 857 695 913 προτιμῶσ’
727 857 878 901 οὐδέν·
913 854 947 900 ὦ
978 858 1110 918 πόλις
1141 857 1285 907 πόλις.

82 929 356 984 Dicaeopolis
388 929 506 973 cives
538 932 740 983 accusat3
780 942 982 984 magnum
1014 929 1289 983 opprobrium
1326 931 1416 980 est,
1458 928 1571 980 quod
1611 927 1784 980 tragica

82 1001 304 1056 gravitate
334 1000 458 1044 inicit
487 1000 533 1043 in
564 1000 868 1044 Athenienses,

224 1083 361 1126 Multo
383 1096 486 1127 vero
510 1083 647 1138 magis
670 1096 798 1136 quam
818 1083 1017 1127 Athenas
1047 1082 1161 1126 ruris
1194 1082 1501 1125 amoenitatem
1523 1093 1575 1123 ac
1597 1080 1784 1133 quietem

83 1154 324 1198 desiderat:

1075 1223 1340 1280 (λογίζομαι)
1381 1223 1477 1279 (31)

296 1297 462 1349 στυγῶν
481 1293 565 1348 μὲν
585 1292 715 1347 ἄστυ,
747 1294 826 1337 τὸν
848 1294 887 1337 δ’
914 1294 1021 1349 ἐμὸν
1043 1296 1185 1348 δῆμον
1207 1296 1371 1335 ποθῶν
1403 1292 1459 1335 33

297 1364 344 1413 ὃς
376 1364 656 1407 οὐδεπώποτ’
678 1359 803 1407 εἶπεν
834 1363 1090 1420 „dv-Quam
1122 1365 1274 1419 πρίω“,

296 1434 372 1478 οὐκ
402 1432 553 1490 ,,ὂ’ξος“
586 1434 662 1479 οὐκ
693 1433 893 1491 ,,“ε’λαιον“
927 1433 1021 1477 οὐδ’
1051 1432 1137 1493 ᾔδη
1169 1435 1337 1490 ,,πρίω“

267 1505 391 1546 *ἀλλ’
423 1505 555 1553 αὐτὸς
586 1504 716 1561 ἔφερε
745 1507 898 1547 πάντα
927 1505 990 1559 χώ
1022 1509 1164 1560 πρίων
1196 1505 1332 1559 α’πῆν.

83 1589 253 1633 Rustici
297 1588 479 1632 hominis
526 1588 784 1632 desiderium
836 1601 940 1633 vere
986 1589 1159 1643 poetica
1207 1591 1302 1631 arte
1348 1588 1667 1643 Aristophanes
1715 1590 1786 1632 de·

83 1660 258 1715 scripsit
288 1660 488 1705 versibus
521 1658 772 1714 diligentius
803 1659 1047 1714 perpolitis,
1085 1672 1264 1713 quorum
1296 1659 1473 1702 ultimus
1506 1660 1624 1703 solus
1657 1672 1786 1703 unam

84 1730 278 1773 continet
309 1729 578 1773 solutionem.

224 1813 288 1855 Ne
320 1812 414 1865 quis
447 1812 639 1856 offendat
668 1812 714 1855 in
746 1814 825 1855 hoc
856 1825 988 1856 versu
1018 1812 1187 1867 tragico
1202 1848 1211 1865 ,
1253 1825 1379 1865 quem
1416 1813 1563 1866 attuli,
1606 1826 1700 1856 cum
1734 1813 1787 1856 de

83 1882 282 1926 versibus
322 1882 593 1925 indissolutis
641 1895 774 1937 agere
814 1882 918 1925 mihi
957 1882 1270 1936 proposuerim,
1316 1884 1426 1925 haec
1466 1883 1570 1925 mihi
1609 1884 1654 1925 in
1695 1884 1788 1925 uni-

82 1966 256 1996 versum
297 1953 617 2006 praemittenda
658 1956 778 2008 sunt..
837 1953 1104 2009 Diligentius
1146 1954 1223 1996 hos
1265 1954 1486 1997 trimetros
1528 1954 1788 2008 compositos

84 2035 182 2066 esse
214 2025 345 2076 atque
375 2022 490 2066 inter
526 2036 731 2067 versuum
769 2011 950 2067 laxioris
993 2024 1103 2067 artis
1145 2024 1462 2067 multitudinem
1505 2024 1685 2068 suavius
1717 2025 1789 2067 de-

83 2093 272 2137 currisse
312 2093 369 2135 ad
400 2106 528 2137 aures
568 2093 811 2137 auditorum
848 2106 971 2137 nemo
1010 2096 1079 2137 est
1121 2094 1192 2147 qui
1224 2098 1369 2148 neget.
1430 2095 1594 2138 Evenit
1631 2095 1789 2137 solutio

84 2177 171 2208 una
200 2163 243 2207 in
276 2176 407 2207 versu
439 2162 507 2207 36.
568 2163 777 2207 Nimirum
809 2177 862 2207 ea
892 2164 1074 2207 libertas
1116 2166 1273 2218 poetae
1305 2164 1411 2218 fuit,
1454 2168 1502 2207 ut
1533 2178 1619 2208 non
1652 2166 1788 2208 solum

83 2235 294 2289 tragicos,
335 2235 413 2277 sed
444 2235 576 2278 etiam
607 2235 792 2277 comicos
824 2235 1065 2287 trimetros,
1106 2235 1180 2277 ubi
1210 2236 1427 2288 placebat,
1458 2236 1576 2279 inter
1606 2237 1789 2279 indisso-

82 2304 198 2348 lutos
231 2304 476 2348 collocaret.
536 2304 738 2358 Accedit,
780 2305 894 2359 quod
929 2305 1045 2348 inter
1075 2305 1290 2349 vocabula
1321 2304 1476 2358 quibus
1509 2306 1694 2349 comicos
1726 2306 1790 2348 uti

84 2388 264 2418 necesse
295 2377 385 2427 est,
426 2376 635 2418 nonnulla
676 2378 779 2419 sunt
810 2375 980 2418 omnino
1021 2388 1107 2418 non
1150 2377 1255 2429 apta
1287 2380 1421 2418 metro
1454 2388 1561 2430 puro
1592 2375 1789 2428 iambico,

85 2457 120 2487 θ.
142 2457 205 2499 gr.
232 2445 447 2488 vocabula
477 2443 615 2502 α’γορά
649 2443 878 2500 ἀγοράζειν
909 2444 1013 2497 Sim„
1046 2444 1258 2497 πρύτανις
1291 2446 1572 2499 πρυτανεῖον,
1605 2445 1787 2503 νεφέλη,

83 2511 325 2570 θεράπων,
381 2513 610 2570 μειράκιον
662 2514 833 2569 aliaque
885 2514 1154 2559 deminutiva
1205 2514 1435 2567 eiusmodi,
1491 2516 1788 2568 κακοδαίμων,

82 2578 244 2638 ἕτερος,
278 2585 513 2638 προσιέναι
544 2585 713 2628 similia.

225 2667 320 2711 Iam
352 2667 460 2712 alios
492 2666 836 2711 Acharnensium
869 2680 1023 2712 versus
1055 2666 1356 2723 inspiciamus:

298 2750 397 2805 ἐμοὶ
428 2749 484 2792 σὺ
515 2751 705 2792 ταυτασὶ
736 2748 885 2805 λαβὼν
918 2749 1028 2792 ὀκτώ
1062 2749 1265 2805 δραχμὰς
1407 2748 1492 2791 130

268 2818 502 2869 *σπονδὰς
522 2823 715 2878 ποίησον
736 2819 847 2874 πρὸς
867 2821 1248 2874 Λακεδαιμονίους
1267 2820 1388 2874 μόνῳ

296 2891 370 2933 καὶ
399 2891 517 2934 τοῖσι
548 2892 772 2934 παιδίοισι
802 2889 877 2933 καὶ
907 2892 962 2947 τῇ
994 2889 1200 2933 πλάτιδι·

297 2961 419 3017 ὑμεῖς
451 2960 501 3002 δὲ
534 2961 846 3017 πρεσβεύεσθε
876 2962 949 3002 καὶ
979 2961 1205 3015 κεχήνατε.
