2053 3404
910 268 1204 313 —70—

203 406 442 448 Praeterea
489 403 543 446 cf.
583 403 662 446 Av.
695 399 1009 454 1460—1462;
1058 401 1232 444 Thesm.
1274 398 1531 453 199—-2013
1581 400 1693 443 Ran.
1733 397 1819 442 286
1852 411 1908 452 s.;

203 476 323 519 Eccl.
344 474 401 517 82
417 473 531 526 φ84,
552 470 739 519 85-87.
763 469 1008 525 164—167‚
1031 469 1279 524 714-717‚
1310 470 1558 524 830-832,
1592 468 1906 523 1008-101Ο;

203 546 317 589 Plut.
348 542 593 595 462-464,
624 541 871 594 909-911,
904 540 1209 595 1060-1062,
1242 541 1546 585 1141-1143.

340 742 393 783 Ι11
433 739 687 794 Equitibus,
734 743 966 794 postquam
1007 739 1108 784 Cleo
1150 739 1331 795 prodiit,
1377 740 1475 784 rixa
1520 741 1618 784 orta
1660 742 1730 785 est
1775 743 1906 794 atque

201 814 418 854 certamen
456 811 572 853 inter
602 823 700 853 eum
741 812 786 853 et
822 810 1106 864 botularium,
1147 823 1259 865 quae
1300 823 1462 855 scaena
1501 810 1643 854 tendit
1683 823 1819 867 usque
1850 811 1906 855 ad

198 894 370 926 versum
402 880 501 925 460.
562 881 708 925 Variis
739 881 891 925 metris
923 881 990 925 usi
1021 884 1145 934 sunt,
1187 894 1371 936 magnus
1403 881 1488 925 fuit
1518 883 1751 936 tumultus,
1791 895 1906 926 nunc

199 953 365 995 demum
398 953 498 995 Cleo
530 964 663 997 versu
694 951 777 995 461
814 952 870 996 ad
901 952 1122 996 trimetros
1153 952 1362 997 iambicos
1393 952 1519 997 redit.

410 1023 539 1065 ταυτὶ
567 1018 632 1077 μὰ
662 1022 744 1078 τὴν
776 1023 989 1079 Δήμητρά
1019 1023 1064 1077 μ’
1097 1023 1174 1065 οὐκ
1205 1023 1470 1066 ἐλάνθανεν.
1552 1024 1662 1078 Equ.
1694 1023 1778 1067 461

196 1094 234 1137 F
238 1094 433 1149 atigatus
465 1096 535 1138 est
563 1093 713 1147 itaque
744 1095 881 1139 verba
912 1093 1005 1138 eius
1036 1095 1156 1139 lente
1188 1095 1424 1139 decurrunt
1446 1119 1501 1126 -
1523 1108 1622 1139 nam
1653 1095 1772 1139 lente
1798 1094 1905 1138 reci-

196 1165 333 1208 tanda
363 1169 467 1208 sunt
505 1190 554 1194 —
587 1167 718 1218 atque
750 1165 873 1218 quies
905 1165 1070 1209 reverti
1100 1166 1286 1210 videtur.

338 1234 548 1278 Eiusdem
577 1235 752 1290 generis
795 1237 899 1278 sunt
930 1237 1061 1290 atque
1102 1235 1158 1279 ad
1187 1235 1300 1280 idem
1333 1235 1564 1280 artificium
1595 1237 1799 1290 spectant
1829 1236 1904 1278 tri-

196 1306 323 1349 metri
352 1305 603 1349 indissoluti
634 1306 743 1349 Nub.
777 1305 903 1359 1085,
935 1307 1065 1361 Vesp.
1097 1305 1195 1359 760,
1227 1307 1309 1350 Av.
1341 1305 1439 1358 639,
1471 1306 1574 1361 Lys.
1606 1304 1704 1358 608,

255 1377 369 1421 Plut.
401 1375 486 1420 619
519 1370 631 1433 αὕτη
660 1375 743 1431 μὲν
773 1375 880 1431 ἡμῖν
909 1374 1177 1433 ἡπίτριπτος
1209 1376 1390 1432 οἴχεται.

196 1448 348 1491 Nonne
379 1448 638 1502 respirantis
670 1448 901 1502 suspirium
934 1448 1086 1491 audire
1117 1448 1199 1491 tibi
1229 1448 1425 1492 videris?

335 1649 491 1693 Iocosa
513 1649 755 1704 Vesparum
787 1661 950 1693 scaena
981 1662 1035 1692 ea
1066 1651 1146 1702 est,
1177 1648 1222 1692 in
1250 1662 1336 1703 qua
1357 1649 1592 1703 Bdelycleo
1623 1649 1740 1703 patri
1772 1650 1902 1704 tergi-

190 1720 388 1763 versanti
419 1732 578 1764 novam
608 1721 779 1763 vestem
808 1719 989 1762 induere
1021 1720 1181 1763 studet.

193 1791 439 1847 Bdelycleo.
470 1789 609 1833 **οὔκ
640 1788 882 1847 ἀναβαλεῖ;
1546 1792 1675 1846 Vesp.
1704 1790 1825 1834 1152

191 1863 423 1907 Philoclen.
853 1860 976 1916 -μὰ
998 1860 1073 1903 Δί’
1095 1860 1175 1904 οὐκ
1194 1858 1324 1917 ἔγωγ’.

335 1934 505 1977 Deinde
536 1933 624 1976 filio
656 1933 843 1976 irridens
873 1934 1013 1976 verba
1044 1933 1188 1976 addit:

1334 2003 1419 2045 ἀλλ
1449 1996 1616 2059 ὦγαθὲ,

406 2074 532 2128 εἴπερ
561 2073 597 2128 y'
629 2074 810 2130 ἀνάγκη,
842 2075 1056 2129 κρίβανόν
1083 2074 1130 2128 μ’
1162 2074 1425 2129 ἀμπίσχετε.
1712 2074 1826 2118 1153

333 2146 636 2204 Spectantium
683 2148 802 2191 certe
847 2145 982 2191 iisum
1028 2146 1099 2191 hic
1144 2146 1265 2191 iocus
1312 2146 1469 2201 movit3
1517 2146 1629 2191 filius
1672 2160 1774 2192 vero
1817 2161 1902 2191 non

190 2219 351 2263 desinit
381 2219 498 2273 patri
528 2219 696 2262 instare
729 2220 861 2271 atque
894 2218 1034 2261 denuo
1066 2217 1240 2272 incipit:

190 2290 494 2346 Bdelycleost*
508 2287 607 2345 φέρ’
638 2287 735 2331 ἀλλ’
765 2287 845 2343 ἐγώ
877 2300 929 2330 σε
959 2287 1200 2349 περιβαλῶ.
1238 2288 1294 2331 σύ
1327 2287 1366 2330 δ’
1398 2284 1477 2331 οὖν
1507 2288 1589 2332 ἴθι.
1712 2288 1826 2331 1154

330 2362 466 2405 Pater
496 2363 666 2405 vestem
697 2359 852 2412 induit,
883 2371 1042 2404 novum
1075 2361 1221 2403 autem
1253 2372 1368 2403 nunc
1397 2359 1537 2403 iocum
1568 2361 1720 2414 parat:

189 2432 422 2476 Philocleo.
454 2432 502 2457 **
515 2428 738 2486 παράθου
766 2445 813 2484 γε
842 2427 996 2484 μέντοι
1024 2444 1099 2471 και
1129 2428 1358 2486 κρεάγραν.
1712 2429 1825 2473 1155

332 2501 680 2557 obstupefactus
712 2500 826 2545 filius
858 2500 1124 2557 interrogat:

1356 2569 1426 2627 τιὴ
1458 2574 1507 2614 τί
1534 2571 1589 2629 δή
1599 2588 1617 2628 ,·

188 2646 354 2690 Maiore
387 2644 544 2690 deinde
574 2643 810 2689 intervallo
841 2645 988 2698 pater:

403 2714 458 2760 ἵν’
488 2714 642 2773 ἐξέλῃς
669 2731 727 2770 με
758 2715 867 2771 πρὶν
897 2715 1210 2772 διερρυηκέναι.
1711 2715 1825 2759 1156

329 2814 496 2856 Versus
528 2810 643 2855 1153
685 2813 730 2855 et
763 2808 901 2863 1156,
943 2809 1015 2863 qui
1056 2810 1174 2854 iocos
1207 2809 1453 2865 continent,
1485 2809 1745 2866 [indissoluti
1785 2813 1901 2856 sunt.

187 2883 385 2937 Apparet
440 2896 547 2928 vero
604 2882 831 2936 utriusque
887 2880 972 2925 ioci
1028 2881 1115 2926 vim
1172 2883 1347 2935 poetam
1403 2881 1562 2935 optime
1620 2881 1796 2925 auxisse
1852 2895 1900 2925 re

187 2952 381 2997 metrica.
413 2978 469 2984 —
