<?xml version="1.0" encoding="UTF-8"?>
<!DOCTYPE html PUBLIC "-//W3C//DTD XHTML 1.0 Transitional//EN"
    "http://www.w3.org/TR/xhtml1/DTD/xhtml1-transitional.dtd">
<html xmlns="http://www.w3.org/1999/xhtml" xml:lang="en" lang="en">
 <head>
  <title>
</title>
<meta http-equiv="Content-Type" content="text/html;charset=utf-8" />
  <meta name='ocr-system' content='tesseract 3.04.00' />
  <meta name='ocr-capabilities' content='ocr_page ocr_carea ocr_par ocr_line ocrx_word'/>
</head>
<body>
  <div class='ocr_page' id='page_1' title='image "./4626793_0086.png"; bbox 0 0 2053 3404; ppageno 0'>
   <div class='ocr_carea' id='block_1_1' title="bbox 891 204 1183 255">
    <p class='ocr_par' dir='ltr' id='par_1_1' title="bbox 891 204 1183 255">
     <span class='ocr_line' id='line_1_1' title="bbox 891 204 1183 255; baseline -0.003 -10"><span class='ocrx_word' id='word_1_1' title='bbox 891 204 1183 255; x_wconf 79' lang='grc'>-80-</span> 
     </span>
    </p>
   </div>
   <div class='ocr_carea' id='block_1_2' title="bbox 397 338 1729 538">
    <p class='ocr_par' dir='ltr' id='par_1_2' title="bbox 397 338 1729 538">
     <span class='ocr_line' id='line_1_2' title="bbox 1179 338 1729 397; baseline 0.009 -14"><span class='ocrx_word' id='word_1_2' title='bbox 1179 338 1315 397; x_wconf 72' lang='grc' dir='ltr'><em>ἄθρει</em></span> <span class='ocrx_word' id='word_1_3' title='bbox 1508 342 1609 388; x_wconf 82' lang='lat' dir='ltr'><strong>Pac.</strong></span> <span class='ocrx_word' id='word_1_4' title='bbox 1641 343 1729 387; x_wconf 81' lang='lat'><strong>538</strong></span> 
     </span>
     <span class='ocr_line' id='line_1_3' title="bbox 398 405 1366 468; baseline 0.001 -14"><span class='ocrx_word' id='word_1_5' title='bbox 398 405 493 455; x_wconf 82' lang='grc' dir='ltr'><em>οἷον</em></span> <span class='ocrx_word' id='word_1_6' title='bbox 524 411 636 468; x_wconf 82' lang='grc' dir='ltr'><strong><em>πρὸς</em></strong></span> <span class='ocrx_word' id='word_1_7' title='bbox 667 411 859 467; x_wconf 79' lang='grc' dir='ltr'><em>ἀλλήλας</em></span> <span class='ocrx_word' id='word_1_8' title='bbox 889 411 1102 457; x_wconf 82' lang='grc' dir='ltr'><em>λαλοῦσιν</em></span> <span class='ocrx_word' id='word_1_9' title='bbox 1134 412 1183 455; x_wconf 76' lang='grc' dir='ltr'><strong>αἶ</strong></span> <span class='ocrx_word' id='word_1_10' title='bbox 1211 412 1366 462; x_wconf 84' lang='grc' dir='ltr'><em>πόλεις</em></span> 
     </span>
     <span class='ocr_line' id='line_1_4' title="bbox 397 481 1345 538; baseline 0.006 -13"><span class='ocrx_word' id='word_1_11' title='bbox 397 482 699 537; x_wconf 74' lang='grc' dir='ltr'><em>διαλλαγεῖσαι</em></span> <span class='ocrx_word' id='word_1_12' title='bbox 728 483 803 524; x_wconf 79' lang='grc' dir='ltr'><strong>καὶ</strong></span> <span class='ocrx_word' id='word_1_13' title='bbox 832 482 1015 536; x_wconf 78' lang='grc' dir='ltr'><em>γελῶσιν</em></span> <span class='ocrx_word' id='word_1_14' title='bbox 1047 481 1238 538; x_wconf 78' lang='grc' dir='ltr'><em>ἄσμεναι</em></span> <span class='ocrx_word' id='word_1_15' title='bbox 1271 519 1280 529; x_wconf 92' lang='grc'><strong>.</strong></span> <span class='ocrx_word' id='word_1_16' title='bbox 1303 519 1313 530; x_wconf 93' lang='grc'><strong>.</strong></span> <span class='ocrx_word' id='word_1_17' title='bbox 1337 520 1345 530; x_wconf 94' lang='grc'><strong>.</strong></span> 
     </span>
    </p>
   </div>
   <div class='ocr_carea' id='block_1_3' title="bbox 181 566 1891 763">
    <p class='ocr_par' dir='ltr' id='par_1_3' title="bbox 181 566 1891 763">
     <span class='ocr_line' id='line_1_5' title="bbox 181 566 1890 621; baseline 0.004 -13"><span class='ocrx_word' id='word_1_18' title='bbox 181 566 301 609; x_wconf 85' lang='lat' dir='ltr'><strong>Idem</strong></span> <span class='ocrx_word' id='word_1_19' title='bbox 333 567 582 621; x_wconf 81' lang='lat' dir='ltr'><strong>Trygaeus,</strong></span> <span class='ocrx_word' id='word_1_20' title='bbox 624 578 719 609; x_wconf 91' lang='lat' dir='ltr'><strong>cum</strong></span> <span class='ocrx_word' id='word_1_21' title='bbox 759 566 804 608; x_wconf 89' lang='lat' dir='ltr'><strong>in</strong></span> <span class='ocrx_word' id='word_1_22' title='bbox 846 569 1008 609; x_wconf 86' lang='lat' dir='ltr'><strong>terram</strong></span> <span class='ocrx_word' id='word_1_23' title='bbox 1041 567 1243 621; x_wconf 87' lang='lat' dir='ltr'><strong>advenit,</strong></span> <span class='ocrx_word' id='word_1_24' title='bbox 1286 581 1413 613; x_wconf 90' lang='lat' dir='ltr'><strong>servo</strong></span> <span class='ocrx_word' id='word_1_25' title='bbox 1457 582 1527 613; x_wconf 90' lang='lat' dir='ltr'><strong>res</strong></span> <span class='ocrx_word' id='word_1_26' title='bbox 1570 570 1785 615; x_wconf 87' lang='lat' dir='ltr'><strong>caelestes</strong></span> <span class='ocrx_word' id='word_1_27' title='bbox 1818 585 1890 615; x_wconf 85' lang='lat' dir='ltr'><strong>ex-</strong></span> 
     </span>
     <span class='ocr_line' id='line_1_6' title="bbox 182 637 1891 693; baseline 0.002 -12"><span class='ocrx_word' id='word_1_28' title='bbox 182 638 328 691; x_wconf 89' lang='lat' dir='ltr'><strong>plicat.</strong></span> <span class='ocrx_word' id='word_1_29' title='bbox 391 638 591 681; x_wconf 87' lang='lat' dir='ltr'><strong>Cometas</strong></span> <span class='ocrx_word' id='word_1_30' title='bbox 623 637 783 681; x_wconf 88' lang='lat' dir='ltr'><strong>divites</strong></span> <span class='ocrx_word' id='word_1_31' title='bbox 816 638 969 681; x_wconf 88' lang='lat' dir='ltr'><strong>stellas</strong></span> <span class='ocrx_word' id='word_1_32' title='bbox 1002 651 1099 682; x_wconf 87' lang='lat' dir='ltr'><strong>esse</strong></span> <span class='ocrx_word' id='word_1_33' title='bbox 1133 639 1259 693; x_wconf 85' lang='lat' dir='ltr'><strong>dicit,</strong></span> <span class='ocrx_word' id='word_1_34' title='bbox 1302 653 1412 693; x_wconf 88' lang='lat' dir='ltr'><strong>quae</strong></span> <span class='ocrx_word' id='word_1_35' title='bbox 1454 640 1575 685; x_wconf 87' lang='lat' dir='ltr'><strong>faces</strong></span> <span class='ocrx_word' id='word_1_36' title='bbox 1616 642 1661 685; x_wconf 90' lang='grc'><strong>111</strong></span> <span class='ocrx_word' id='word_1_37' title='bbox 1693 642 1891 686; x_wconf 89' lang='lat' dir='ltr'><strong>manibus</strong></span> 
     </span>
     <span class='ocr_line' id='line_1_7' title="bbox 181 709 892 763; baseline 0 -11"><span class='ocrx_word' id='word_1_38' title='bbox 181 712 386 752; x_wconf 90' lang='lat' dir='ltr'><strong>tenentes</strong></span> <span class='ocrx_word' id='word_1_39' title='bbox 419 709 584 752; x_wconf 88' lang='lat' dir='ltr'><strong>caelum</strong></span> <span class='ocrx_word' id='word_1_40' title='bbox 616 711 892 763; x_wconf 89' lang='lat' dir='ltr'><strong>percurrant:</strong></span> 
     </span>
    </p>
   </div>
   <div class='ocr_carea' id='block_1_4' title="bbox 393 792 1727 991">
    <p class='ocr_par' dir='ltr' id='par_1_4' title="bbox 393 792 1727 991">
     <span class='ocr_line' id='line_1_8' title="bbox 832 792 1727 841; baseline 0.003 -8"><span class='ocrx_word' id='word_1_41' title='bbox 832 792 925 834; x_wconf 78' lang='grc' dir='ltr'><strong>ἀπὸ</strong></span> <span class='ocrx_word' id='word_1_42' title='bbox 959 795 1147 835; x_wconf 83' lang='grc' dir='ltr'><strong><em>δείπνου</em></strong></span> <span class='ocrx_word' id='word_1_43' title='bbox 1177 792 1291 841; x_wconf 82' lang='grc' dir='ltr'><em>τινὲς</em></span> <span class='ocrx_word' id='word_1_44' title='bbox 1506 796 1607 839; x_wconf 81' lang='lat' dir='ltr'><strong>Pac.</strong></span> <span class='ocrx_word' id='word_1_45' title='bbox 1640 795 1727 838; x_wconf 79' lang='lat'><strong>840</strong></span> 
     </span>
     <span class='ocr_line' id='line_1_9' title="bbox 393 857 1400 917; baseline 0.001 -12"><span class='ocrx_word' id='word_1_46' title='bbox 393 867 479 905; x_wconf 82' lang='grc' dir='ltr'><strong>τῶν</strong></span> <span class='ocrx_word' id='word_1_47' title='bbox 510 863 736 905; x_wconf 86' lang='grc' dir='ltr'><em>πλουσίων</em></span> <span class='ocrx_word' id='word_1_48' title='bbox 768 857 891 906; x_wconf 84' lang='grc' dir='ltr'><strong><em>οὗτοι</em></strong></span> <span class='ocrx_word' id='word_1_49' title='bbox 920 863 1153 917; x_wconf 83' lang='grc' dir='ltr'><em>βαδίζουσ’</em></span> <span class='ocrx_word' id='word_1_50' title='bbox 1186 862 1400 917; x_wconf 75' lang='grc' dir='ltr'><em>ἀστέρων,</em></span> 
     </span>
     <span class='ocr_line' id='line_1_10' title="bbox 394 932 1390 991; baseline 0.002 -15"><span class='ocrx_word' id='word_1_51' title='bbox 394 934 550 983; x_wconf 84' lang='grc' dir='ltr'><em>ἰπνούς</em></span> <span class='ocrx_word' id='word_1_52' title='bbox 581 932 769 988; x_wconf 64' lang='grc' dir='ltr'><strong>ἔχοντες,</strong></span> <span class='ocrx_word' id='word_1_53' title='bbox 802 934 850 976; x_wconf 76' lang='grc' dir='ltr'><strong>ἓν</strong></span> <span class='ocrx_word' id='word_1_54' title='bbox 882 934 932 976; x_wconf 80' lang='grc' dir='ltr'><strong>δὲ</strong></span> <span class='ocrx_word' id='word_1_55' title='bbox 963 937 1055 983; x_wconf 82' lang='grc' dir='ltr'><strong><em>τοῖς</em></strong></span> <span class='ocrx_word' id='word_1_56' title='bbox 1087 933 1256 977; x_wconf 85' lang='grc' dir='ltr'><em>ἰπνοῖσι</em></span> <span class='ocrx_word' id='word_1_57' title='bbox 1287 938 1390 991; x_wconf 81' lang='grc' dir='ltr'><em>πῦρ.</em></span> 
     </span>
    </p>
   </div>
   <div class='ocr_carea' id='block_1_5' title="bbox 173 1517 1886 1712">
    <p class='ocr_par' dir='ltr' id='par_1_5' title="bbox 173 1517 1886 1712">
     <span class='ocr_line' id='line_1_11' title="bbox 318 1517 1884 1573; baseline 0.002 -13"><span class='ocrx_word' id='word_1_58' title='bbox 318 1519 411 1561; x_wconf 86' lang='grc'>18111</span> <span class='ocrx_word' id='word_1_59' title='bbox 444 1518 499 1560; x_wconf 86' lang='grc'><strong>811</strong></span> <span class='ocrx_word' id='word_1_60' title='bbox 531 1517 659 1561; x_wconf 88' lang='lat' dir='ltr'><strong>finem</strong></span> <span class='ocrx_word' id='word_1_61' title='bbox 690 1518 967 1571; x_wconf 83' lang='lat' dir='ltr'><strong>pervenimus</strong></span> <span class='ocrx_word' id='word_1_62' title='bbox 999 1518 1126 1560; x_wconf 92' lang='lat' dir='ltr'><strong>huius</strong></span> <span class='ocrx_word' id='word_1_63' title='bbox 1159 1519 1427 1571; x_wconf 72' lang='lat' dir='ltr'><strong>quaestionis</strong></span> <span class='ocrx_word' id='word_1_64' title='bbox 1466 1533 1577 1573; x_wconf 88' lang='lat' dir='ltr'><strong>quae</strong></span> <span class='ocrx_word' id='word_1_65' title='bbox 1608 1519 1693 1562; x_wconf 86' lang='lat' dir='ltr'><strong>fuit</strong></span> <span class='ocrx_word' id='word_1_66' title='bbox 1724 1520 1778 1563; x_wconf 90' lang='lat' dir='ltr'><strong>de</strong></span> <span class='ocrx_word' id='word_1_67' title='bbox 1809 1521 1884 1563; x_wconf 84' lang='lat' dir='ltr'><strong>tri-</strong></span> 
     </span>
     <span class='ocr_line' id='line_1_12' title="bbox 175 1588 1886 1644; baseline 0.001 -12"><span class='ocrx_word' id='word_1_68' title='bbox 175 1589 324 1633; x_wconf 89' lang='lat' dir='ltr'><strong>metris</strong></span> <span class='ocrx_word' id='word_1_69' title='bbox 356 1588 691 1643; x_wconf 90' lang='lat' dir='ltr'><strong>Aristophaneis</strong></span> <span class='ocrx_word' id='word_1_70' title='bbox 723 1588 959 1633; x_wconf 83' lang='lat' dir='ltr'><strong>exactioris</strong></span> <span class='ocrx_word' id='word_1_71' title='bbox 991 1589 1100 1633; x_wconf 87' lang='lat' dir='ltr'><strong>artis</strong></span> <span class='ocrx_word' id='word_1_72' title='bbox 1133 1591 1264 1643; x_wconf 86' lang='lat' dir='ltr'><strong>atque</strong></span> <span class='ocrx_word' id='word_1_73' title='bbox 1295 1589 1490 1644; x_wconf 88' lang='lat' dir='ltr'><strong>inprimis</strong></span> <span class='ocrx_word' id='word_1_74' title='bbox 1522 1590 1692 1644; x_wconf 88' lang='lat' dir='ltr'><strong>quidem</strong></span> <span class='ocrx_word' id='word_1_75' title='bbox 1724 1591 1778 1634; x_wconf 91' lang='lat' dir='ltr'><strong>de</strong></span> <span class='ocrx_word' id='word_1_76' title='bbox 1809 1591 1886 1634; x_wconf 90' lang='lat' dir='ltr'><strong>tri-</strong></span> 
     </span>
     <span class='ocr_line' id='line_1_13' title="bbox 173 1659 1034 1712; baseline 0.001 -10"><span class='ocrx_word' id='word_1_77' title='bbox 173 1660 323 1702; x_wconf 85' lang='lat' dir='ltr'><strong>metris</strong></span> <span class='ocrx_word' id='word_1_78' title='bbox 355 1659 629 1703; x_wconf 86' lang='lat' dir='ltr'><strong>indissolutis</strong></span> <span class='ocrx_word' id='word_1_79' title='bbox 662 1671 769 1712; x_wconf 90' lang='lat' dir='ltr'><strong>quos</strong></span> <span class='ocrx_word' id='word_1_80' title='bbox 800 1659 1034 1703; x_wconf 89' lang='lat' dir='ltr'><strong>nominavi.</strong></span> 
     </span>
    </p>
   </div>
   <div class='ocr_carea' id='block_1_6' title="bbox 170 1742 1886 2319">
    <p class='ocr_par' dir='ltr' id='par_1_6' title="bbox 315 1742 1886 1799">
     <span class='ocr_line' id='line_1_14' title="bbox 315 1742 1886 1799; baseline 0.001 -11"><span class='ocrx_word' id='word_1_81' title='bbox 315 1744 455 1799; x_wconf 80' lang='lat' dir='ltr'><strong>Quam</strong></span> <span class='ocrx_word' id='word_1_82' title='bbox 506 1742 706 1787; x_wconf 88' lang='lat' dir='ltr'><strong>eruditae</strong></span> <span class='ocrx_word' id='word_1_83' title='bbox 756 1742 920 1789; x_wconf 86' lang='lat' dir='ltr'><strong>fuerint</strong></span> <span class='ocrx_word' id='word_1_84' title='bbox 973 1756 1101 1787; x_wconf 88' lang='lat' dir='ltr'><strong>aures</strong></span> <span class='ocrx_word' id='word_1_85' title='bbox 1152 1743 1485 1787; x_wconf 79' lang='lat' dir='ltr'><strong>Atheniensium</strong></span> <span class='ocrx_word' id='word_1_86' title='bbox 1542 1744 1700 1799; x_wconf 87' lang='lat' dir='ltr'><strong>optime</strong></span> <span class='ocrx_word' id='word_1_87' title='bbox 1759 1745 1886 1789; x_wconf 90' lang='lat' dir='ltr'><strong>docet</strong></span> 
     </span>
    </p>

    <p class='ocr_par' dir='ltr' id='par_1_7' title="bbox 170 1814 1341 1953">
     <span class='ocr_line' id='line_1_15' title="bbox 170 1814 544 1859; baseline 0 -1"><span class='ocrx_word' id='word_1_88' title='bbox 170 1814 357 1858; x_wconf 89' lang='lat' dir='ltr'><strong>historia</strong></span> <span class='ocrx_word' id='word_1_89' title='bbox 386 1826 544 1859; x_wconf 88' lang='lat' dir='ltr'><strong>versus</strong></span> 
     </span>
     <span class='ocr_line' id='line_1_16' title="bbox 389 1891 1341 1953; baseline 0.002 -15"><span class='ocrx_word' id='word_1_90' title='bbox 389 1897 435 1938; x_wconf 75' lang='grc' dir='ltr'><strong>ἒκ</strong></span> <span class='ocrx_word' id='word_1_91' title='bbox 465 1897 671 1951; x_wconf 82' lang='grc' dir='ltr'><em>κυμάτων</em></span> <span class='ocrx_word' id='word_1_92' title='bbox 701 1897 785 1953; x_wconf 78' lang='grc' dir='ltr'><strong>γὰρ</strong></span> <span class='ocrx_word' id='word_1_93' title='bbox 817 1891 952 1945; x_wconf 71' lang='grc' dir='ltr'><em>αὖθις</em></span> <span class='ocrx_word' id='word_1_94' title='bbox 983 1892 1040 1939; x_wconf 74' lang='grc' dir='ltr'><strong>αὖ</strong></span> <span class='ocrx_word' id='word_1_95' title='bbox 1069 1896 1207 1952; x_wconf 82' lang='grc' dir='ltr'><em>γαλῆν</em></span> <span class='ocrx_word' id='word_1_96' title='bbox 1239 1896 1341 1951; x_wconf 80' lang='grc' dir='ltr'><strong><em>ὁρῶ,</em></strong></span> 
     </span>
    </p>

    <p class='ocr_par' dir='ltr' id='par_1_8' title="bbox 170 1978 1884 2319">
     <span class='ocr_line' id='line_1_17' title="bbox 171 1978 1884 2036; baseline 0.001 -11"><span class='ocrx_word' id='word_1_97' title='bbox 171 1993 298 2036; x_wconf 89' lang='lat' dir='ltr'><strong>quem</strong></span> <span class='ocrx_word' id='word_1_98' title='bbox 318 1980 598 2036; x_wconf 81' lang='lat' dir='ltr'><strong>Hegelochus</strong></span> <span class='ocrx_word' id='word_1_99' title='bbox 619 1979 774 2024; x_wconf 88' lang='lat' dir='ltr'><strong>histrio</strong></span> <span class='ocrx_word' id='word_1_100' title='bbox 795 1982 887 2023; x_wconf 91' lang='lat' dir='ltr'><strong>tam</strong></span> <span class='ocrx_word' id='word_1_101' title='bbox 908 1979 1021 2024; x_wconf 91' lang='lat' dir='ltr'><strong>male</strong></span> <span class='ocrx_word' id='word_1_102' title='bbox 1043 1978 1361 2035; x_wconf 82' lang='lat' dir='ltr'><strong>pronuntiavit;</strong></span> <span class='ocrx_word' id='word_1_103' title='bbox 1383 1992 1483 2023; x_wconf 87' lang='lat' dir='ltr'><strong>nam</strong></span> <span class='ocrx_word' id='word_1_104' title='bbox 1505 1981 1551 2024; x_wconf 89' lang='lat' dir='ltr'><strong>et</strong></span> <span class='ocrx_word' id='word_1_105' title='bbox 1565 1980 1884 2036; x_wconf 81' lang='lat' dir='ltr'><strong>Aristophanes</strong></span> 
     </span>
     <span class='ocr_line' id='line_1_18' title="bbox 171 2050 1883 2109; baseline -0.001 -13"><span class='ocrx_word' id='word_1_106' title='bbox 171 2052 246 2109; x_wconf 90' lang='lat' dir='ltr'><strong>(cf.</strong></span> <span class='ocrx_word' id='word_1_107' title='bbox 277 2052 389 2096; x_wconf 85' lang='lat' dir='ltr'><strong>Ran.</strong></span> <span class='ocrx_word' id='word_1_108' title='bbox 422 2050 529 2107; x_wconf 86' lang='lat'>305)</span> <span class='ocrx_word' id='word_1_109' title='bbox 572 2052 618 2094; x_wconf 90' lang='lat' dir='ltr'><strong>et</strong></span> <span class='ocrx_word' id='word_1_110' title='bbox 658 2051 875 2106; x_wconf 79' lang='lat' dir='ltr'><strong>Sannyrio</strong></span> <span class='ocrx_word' id='word_1_111' title='bbox 917 2051 990 2106; x_wconf 88' lang='lat' dir='ltr'><strong>(fr.</strong></span> <span class='ocrx_word' id='word_1_112' title='bbox 1021 2050 1068 2106; x_wconf 82' lang='lat'><strong>8)</strong></span> <span class='ocrx_word' id='word_1_113' title='bbox 1113 2052 1229 2095; x_wconf 91' lang='lat' dir='ltr'><strong>hunc</strong></span> <span class='ocrx_word' id='word_1_114' title='bbox 1268 2063 1444 2095; x_wconf 90' lang='lat' dir='ltr'><strong>versum</strong></span> <span class='ocrx_word' id='word_1_115' title='bbox 1484 2050 1646 2096; x_wconf 86' lang='lat' dir='ltr'><strong>fabulis</strong></span> <span class='ocrx_word' id='word_1_116' title='bbox 1688 2051 1778 2095; x_wconf 92' lang='lat' dir='ltr'><strong>suis</strong></span> <span class='ocrx_word' id='word_1_117' title='bbox 1819 2051 1883 2095; x_wconf 93' lang='lat' dir='ltr'><strong>in-</strong></span> 
     </span>
     <span class='ocr_line' id='line_1_19' title="bbox 171 2121 1883 2176; baseline 0 -10"><span class='ocrx_word' id='word_1_118' title='bbox 171 2124 404 2167; x_wconf 86' lang='lat' dir='ltr'><strong>seruerunt</strong></span> <span class='ocrx_word' id='word_1_119' title='bbox 446 2124 577 2175; x_wconf 88' lang='lat' dir='ltr'><strong>atque</strong></span> <span class='ocrx_word' id='word_1_120' title='bbox 620 2121 696 2165; x_wconf 89' lang='lat' dir='ltr'><strong>alii</strong></span> <span class='ocrx_word' id='word_1_121' title='bbox 736 2121 929 2165; x_wconf 85' lang='lat' dir='ltr'><strong>fortasse</strong></span> <span class='ocrx_word' id='word_1_122' title='bbox 973 2121 1124 2165; x_wconf 89' lang='lat' dir='ltr'><strong>comici</strong></span> <span class='ocrx_word' id='word_1_123' title='bbox 1164 2124 1322 2176; x_wconf 88' lang='lat' dir='ltr'><strong>poetae</strong></span> <span class='ocrx_word' id='word_1_124' title='bbox 1368 2122 1545 2176; x_wconf 89' lang='lat' dir='ltr'><strong>praeter</strong></span> <span class='ocrx_word' id='word_1_125' title='bbox 1583 2121 1682 2166; x_wconf 89' lang='lat' dir='ltr'><strong>illos</strong></span> <span class='ocrx_word' id='word_1_126' title='bbox 1724 2135 1774 2166; x_wconf 93' lang='lat' dir='ltr'><strong>eo</strong></span> <span class='ocrx_word' id='word_1_127' title='bbox 1816 2123 1883 2166; x_wconf 90' lang='lat' dir='ltr'><strong>usi</strong></span> 
     </span>
     <span class='ocr_line' id='line_1_20' title="bbox 170 2192 1883 2247; baseline 0 -10"><span class='ocrx_word' id='word_1_128' title='bbox 170 2196 285 2247; x_wconf 89' lang='lat' dir='ltr'><strong>sunt,</strong></span> <span class='ocrx_word' id='word_1_129' title='bbox 316 2195 366 2237; x_wconf 90' lang='lat' dir='ltr'><strong>ut</strong></span> <span class='ocrx_word' id='word_1_130' title='bbox 390 2193 526 2236; x_wconf 90' lang='lat' dir='ltr'><strong>risum</strong></span> <span class='ocrx_word' id='word_1_131' title='bbox 547 2192 793 2236; x_wconf 86' lang='lat' dir='ltr'><strong>auditorum</strong></span> <span class='ocrx_word' id='word_1_132' title='bbox 815 2192 1073 2236; x_wconf 83' lang='lat' dir='ltr'><strong>excitarent.</strong></span> <span class='ocrx_word' id='word_1_133' title='bbox 1125 2192 1335 2236; x_wconf 83' lang='lat' dir='ltr'><strong>Libenter</strong></span> <span class='ocrx_word' id='word_1_134' title='bbox 1356 2194 1502 2236; x_wconf 90' lang='lat' dir='ltr'><strong>autem</strong></span> <span class='ocrx_word' id='word_1_135' title='bbox 1522 2195 1677 2247; x_wconf 89' lang='lat' dir='ltr'><strong>poetas</strong></span> <span class='ocrx_word' id='word_1_136' title='bbox 1699 2193 1883 2237; x_wconf 91' lang='lat' dir='ltr'><strong>comicos</strong></span> 
     </span>
     <span class='ocr_line' id='line_1_21' title="bbox 171 2262 1882 2319; baseline 0 -11"><span class='ocrx_word' id='word_1_137' title='bbox 171 2263 359 2308; x_wconf 87' lang='lat' dir='ltr'><strong>artificia</strong></span> <span class='ocrx_word' id='word_1_138' title='bbox 388 2262 645 2317; x_wconf 89' lang='lat' dir='ltr'><strong>huiusmodi,</strong></span> <span class='ocrx_word' id='word_1_139' title='bbox 687 2275 799 2317; x_wconf 87' lang='lat' dir='ltr'><strong>quae</strong></span> <span class='ocrx_word' id='word_1_140' title='bbox 831 2262 937 2307; x_wconf 91' lang='lat' dir='ltr'><strong>solis</strong></span> <span class='ocrx_word' id='word_1_141' title='bbox 970 2263 1146 2307; x_wconf 90' lang='lat' dir='ltr'><strong>auribus</strong></span> <span class='ocrx_word' id='word_1_142' title='bbox 1178 2262 1343 2319; x_wconf 75' lang='lat' dir='ltr'><strong>percipi</strong></span> <span class='ocrx_word' id='word_1_143' title='bbox 1372 2265 1589 2318; x_wconf 84' lang='lat' dir='ltr'><strong>poterant,</strong></span> <span class='ocrx_word' id='word_1_144' title='bbox 1632 2263 1882 2308; x_wconf 83' lang='lat' dir='ltr'><strong>adhibuisse</strong></span> 
     </span>
    </p>
   </div>
   <div class='ocr_carea' id='block_1_7' title="bbox 168 2334 1882 2527">
    <p class='ocr_par' dir='ltr' id='par_1_9' title="bbox 168 2334 1882 2527">
     <span class='ocr_line' id='line_1_22' title="bbox 171 2334 1882 2390; baseline 0 -11"><span class='ocrx_word' id='word_1_145' title='bbox 171 2349 226 2379; x_wconf 89' lang='lat' dir='ltr'><strong>ex</strong></span> <span class='ocrx_word' id='word_1_146' title='bbox 255 2336 339 2379; x_wconf 89' lang='lat' dir='ltr'><strong>hoc</strong></span> <span class='ocrx_word' id='word_1_147' title='bbox 375 2334 462 2378; x_wconf 90' lang='lat' dir='ltr'><strong>iam</strong></span> <span class='ocrx_word' id='word_1_148' title='bbox 500 2334 696 2388; x_wconf 86' lang='lat' dir='ltr'><strong>exemplo</strong></span> <span class='ocrx_word' id='word_1_149' title='bbox 738 2334 867 2388; x_wconf 90' lang='lat' dir='ltr'><strong>plane</strong></span> <span class='ocrx_word' id='word_1_150' title='bbox 910 2336 1094 2389; x_wconf 86' lang='lat' dir='ltr'><strong>apparet</strong></span> <span class='ocrx_word' id='word_1_151' title='bbox 1134 2347 1275 2390; x_wconf 88' lang='lat' dir='ltr'><strong>neque</strong></span> <span class='ocrx_word' id='word_1_152' title='bbox 1315 2346 1413 2377; x_wconf 89' lang='lat' dir='ltr'><strong>esse</strong></span> <span class='ocrx_word' id='word_1_153' title='bbox 1440 2337 1604 2389; x_wconf 86' lang='lat' dir='ltr'><strong>spero,</strong></span> <span class='ocrx_word' id='word_1_154' title='bbox 1645 2334 1719 2388; x_wconf 87' lang='lat' dir='ltr'><strong>qui</strong></span> <span class='ocrx_word' id='word_1_155' title='bbox 1749 2337 1882 2390; x_wconf 80' lang='lat' dir='ltr'><strong>neget</strong></span> 
     </span>
     <span class='ocr_line' id='line_1_23' title="bbox 168 2402 1881 2457; baseline 0 -9"><span class='ocrx_word' id='word_1_156' title='bbox 168 2404 465 2448; x_wconf 85' lang='lat' dir='ltr'><strong>Athenienses</strong></span> <span class='ocrx_word' id='word_1_157' title='bbox 508 2403 565 2446; x_wconf 91' lang='lat' dir='ltr'><strong>ad</strong></span> <span class='ocrx_word' id='word_1_158' title='bbox 605 2403 749 2446; x_wconf 88' lang='lat' dir='ltr'><strong>omnia</strong></span> <span class='ocrx_word' id='word_1_159' title='bbox 790 2416 901 2457; x_wconf 87' lang='lat' dir='ltr'><strong>quae</strong></span> <span class='ocrx_word' id='word_1_160' title='bbox 949 2404 1077 2447; x_wconf 88' lang='lat' dir='ltr'><strong>attuli</strong></span> <span class='ocrx_word' id='word_1_161' title='bbox 1118 2403 1306 2448; x_wconf 84' lang='lat' dir='ltr'><strong>artificia</strong></span> <span class='ocrx_word' id='word_1_162' title='bbox 1351 2402 1534 2446; x_wconf 87' lang='lat' dir='ltr'><strong>metrica</strong></span> <span class='ocrx_word' id='word_1_163' title='bbox 1578 2406 1668 2447; x_wconf 90' lang='lat' dir='ltr'><strong>tam</strong></span> <span class='ocrx_word' id='word_1_164' title='bbox 1710 2406 1881 2448; x_wconf 89' lang='lat' dir='ltr'><strong>attente</strong></span> 
     </span>
     <span class='ocr_line' id='line_1_24' title="bbox 169 2474 1878 2527; baseline 0 -8"><span class='ocrx_word' id='word_1_165' title='bbox 169 2488 299 2519; x_wconf 86' lang='lat' dir='ltr'><strong>aures</strong></span> <span class='ocrx_word' id='word_1_166' title='bbox 351 2474 600 2519; x_wconf 81' lang='lat' dir='ltr'><strong>advertisse</strong></span> <span class='ocrx_word' id='word_1_167' title='bbox 652 2486 780 2527; x_wconf 88' lang='lat' dir='ltr'><strong>quam</strong></span> <span class='ocrx_word' id='word_1_168' title='bbox 833 2475 889 2517; x_wconf 88' lang='grc'><strong>811</strong></span> <span class='ocrx_word' id='word_1_169' title='bbox 938 2487 1114 2518; x_wconf 87' lang='lat' dir='ltr'><strong>versum</strong></span> <span class='ocrx_word' id='word_1_170' title='bbox 1164 2475 1296 2518; x_wconf 87' lang='lat' dir='ltr'><strong>istum</strong></span> <span class='ocrx_word' id='word_1_171' title='bbox 1346 2474 1575 2517; x_wconf 87' lang='lat' dir='ltr'><strong>ridiculum</strong></span> <span class='ocrx_word' id='word_1_172' title='bbox 1619 2475 1664 2517; x_wconf 91' lang='grc'><strong>111</strong></span> <span class='ocrx_word' id='word_1_173' title='bbox 1710 2475 1878 2519; x_wconf 86' lang='lat' dir='ltr'><strong>modum</strong></span> 
     </span>
    </p>
   </div>
   <div class='ocr_carea' id='block_1_8' title="bbox 166 2545 1879 2954">
    <p class='ocr_par' dir='ltr' id='par_1_10' title="bbox 167 2545 397 2601">
     <span class='ocr_line' id='line_1_25' title="bbox 167 2545 397 2601; baseline -0.009 -10"><span class='ocrx_word' id='word_1_174' title='bbox 167 2545 397 2601; x_wconf 87' lang='lat' dir='ltr'><strong>perditum.</strong></span> 
     </span>
    </p>

    <p class='ocr_par' dir='ltr' id='par_1_11' title="bbox 166 2615 1879 2954">
     <span class='ocr_line' id='line_1_26' title="bbox 309 2615 1879 2671; baseline -0.001 -11"><span class='ocrx_word' id='word_1_175' title='bbox 309 2616 569 2667; x_wconf 81' lang='lat' dir='ltr'><strong>Redeamus,</strong></span> <span class='ocrx_word' id='word_1_176' title='bbox 601 2615 717 2658; x_wconf 87' lang='lat' dir='ltr'><strong>unde</strong></span> <span class='ocrx_word' id='word_1_177' title='bbox 747 2617 844 2657; x_wconf 86' lang='lat' dir='ltr'><strong>tota</strong></span> <span class='ocrx_word' id='word_1_178' title='bbox 873 2616 983 2658; x_wconf 86' lang='lat' dir='ltr'><strong>haec</strong></span> <span class='ocrx_word' id='word_1_179' title='bbox 1014 2615 1213 2669; x_wconf 79' lang='lat' dir='ltr'><strong>quaestio</strong></span> <span class='ocrx_word' id='word_1_180' title='bbox 1243 2615 1412 2658; x_wconf 88' lang='lat' dir='ltr'><strong>initium</strong></span> <span class='ocrx_word' id='word_1_181' title='bbox 1443 2616 1580 2659; x_wconf 82' lang='lat' dir='ltr'><strong>duxit.</strong></span> <span class='ocrx_word' id='word_1_182' title='bbox 1626 2617 1879 2671; x_wconf 87' lang='lat' dir='ltr'><strong>Rumpelius</strong></span> 
     </span>
     <span class='ocr_line' id='line_1_27' title="bbox 167 2685 1879 2743; baseline 0 -11"><span class='ocrx_word' id='word_1_183' title='bbox 167 2701 208 2732; x_wconf 89' lang='lat' dir='ltr'><strong>v.</strong></span> <span class='ocrx_word' id='word_1_184' title='bbox 231 2687 271 2733; x_wconf 93' lang='lat' dir='ltr'><strong>d.</strong></span> <span class='ocrx_word' id='word_1_185' title='bbox 292 2686 403 2731; x_wconf 91' lang='lat' dir='ltr'><strong>mira</strong></span> <span class='ocrx_word' id='word_1_186' title='bbox 423 2685 656 2743; x_wconf 84' lang='lat' dir='ltr'><strong>diligentia</strong></span> <span class='ocrx_word' id='word_1_187' title='bbox 677 2686 955 2741; x_wconf 81' lang='lat' dir='ltr'><strong>anapaestos,</strong></span> <span class='ocrx_word' id='word_1_188' title='bbox 977 2686 1189 2742; x_wconf 86' lang='lat' dir='ltr'><strong>dactylos,</strong></span> <span class='ocrx_word' id='word_1_189' title='bbox 1209 2685 1469 2740; x_wconf 90' lang='lat' dir='ltr'><strong>tribrachos,</strong></span> <span class='ocrx_word' id='word_1_190' title='bbox 1500 2686 1638 2741; x_wconf 89' lang='lat' dir='ltr'><strong>quiin</strong></span> <span class='ocrx_word' id='word_1_191' title='bbox 1659 2686 1879 2743; x_wconf 84' lang='lat' dir='ltr'><strong>Aeschyli,</strong></span> 
     </span>
     <span class='ocr_line' id='line_1_28' title="bbox 167 2756 1877 2813; baseline 0 -11"><span class='ocrx_word' id='word_1_192' title='bbox 167 2758 407 2813; x_wconf 88' lang='lat' dir='ltr'><strong>Sophoclis,</strong></span> <span class='ocrx_word' id='word_1_193' title='bbox 437 2757 675 2812; x_wconf 84' lang='lat' dir='ltr'><strong>Euripidis,</strong></span> <span class='ocrx_word' id='word_1_194' title='bbox 707 2756 1015 2810; x_wconf 86' lang='lat' dir='ltr'><strong>Aristophanis</strong></span> <span class='ocrx_word' id='word_1_195' title='bbox 1041 2757 1251 2800; x_wconf 87' lang='lat' dir='ltr'><strong>trimetris</strong></span> <span class='ocrx_word' id='word_1_196' title='bbox 1271 2756 1434 2809; x_wconf 90' lang='lat' dir='ltr'><strong>insunt,</strong></span> <span class='ocrx_word' id='word_1_197' title='bbox 1465 2757 1735 2812; x_wconf 81' lang='lat' dir='ltr'><strong>numeravit3</strong></span> <span class='ocrx_word' id='word_1_198' title='bbox 1766 2771 1877 2802; x_wconf 89' lang='lat' dir='ltr'><strong>com-</strong></span> 
     </span>
     <span class='ocr_line' id='line_1_29' title="bbox 166 2820 1879 2885; baseline 0 -11"><span class='ocrx_word' id='word_1_199' title='bbox 166 2820 343 2885; x_wconf 85' lang='lat' dir='ltr'><strong>paravit</strong></span> <span class='ocrx_word' id='word_1_200' title='bbox 374 2840 595 2882; x_wconf 89' lang='lat' dir='ltr'><strong>numeros,</strong></span> <span class='ocrx_word' id='word_1_201' title='bbox 637 2841 745 2884; x_wconf 90' lang='lat' dir='ltr'><strong>quos</strong></span> <span class='ocrx_word' id='word_1_202' title='bbox 776 2826 966 2882; x_wconf 88' lang='lat' dir='ltr'><strong>invenit,</strong></span> <span class='ocrx_word' id='word_1_203' title='bbox 1008 2830 1139 2883; x_wconf 86' lang='lat' dir='ltr'><strong>atque</strong></span> <span class='ocrx_word' id='word_1_204' title='bbox 1170 2827 1531 2883; x_wconf 83' lang='lat' dir='ltr'><strong>Aristophanem,</strong></span> <span class='ocrx_word' id='word_1_205' title='bbox 1573 2829 1686 2884; x_wconf 87' lang='lat' dir='ltr'><strong>quod</strong></span> <span class='ocrx_word' id='word_1_206' title='bbox 1717 2829 1879 2875; x_wconf 88' lang='lat' dir='ltr'><strong>attinet</strong></span> 
     </span>
     <span class='ocr_line' id='line_1_30' title="bbox 167 2898 1877 2954; baseline 0.001 -11"><span class='ocrx_word' id='word_1_207' title='bbox 167 2900 224 2943; x_wconf 88' lang='lat' dir='ltr'><strong>ad</strong></span> <span class='ocrx_word' id='word_1_208' title='bbox 264 2899 507 2943; x_wconf 75' lang='lat' dir='ltr'><strong>trimetrum</strong></span> <span class='ocrx_word' id='word_1_209' title='bbox 548 2899 799 2952; x_wconf 86' lang='lat' dir='ltr'><strong>iambicum,</strong></span> <span class='ocrx_word' id='word_1_210' title='bbox 845 2898 986 2942; x_wconf 91' lang='lat' dir='ltr'><strong>minus</strong></span> <span class='ocrx_word' id='word_1_211' title='bbox 1028 2899 1263 2954; x_wconf 77' lang='lat' dir='ltr'><strong>diligenter</strong></span> <span class='ocrx_word' id='word_1_212' title='bbox 1301 2911 1393 2943; x_wconf 90' lang='lat' dir='ltr'><strong>rem</strong></span> <span class='ocrx_word' id='word_1_213' title='bbox 1431 2900 1656 2944; x_wconf 85' lang='lat' dir='ltr'><strong>metricam</strong></span> <span class='ocrx_word' id='word_1_214' title='bbox 1698 2913 1877 2945; x_wconf 87' lang='lat' dir='ltr'><strong>curasse</strong></span> 
     </span>
    </p>
   </div>
   <div class='ocr_carea' id='block_1_9' title="bbox 0 3379 2053 3404">
    <p class='ocr_par' dir='ltr' id='par_1_12' title="bbox 0 3379 2053 3404">
     <span class='ocr_line' id='line_1_31' title="bbox 0 3379 2053 3404; baseline 0 0"><span class='ocrx_word' id='word_1_215' title='bbox 0 3379 2053 3404; x_wconf 95' lang='lat' dir='ltr'><strong> </strong></span> 
     </span>
    </p>
   </div>
  </div>
 </body>
</html>
