2053 3404
815 288 1106 331 -61-

260 412 546 471 **ἒνέκρουεν
577 415 619 463 ἐς
648 416 727 458 τὸν
758 418 922 470 τοῖχον,
954 410 1032 457 εἶτ’
1064 414 1287 471 ἐξήλλετο.
1565 415 1646 458 131

321 484 445 541 ἡμεῖς
477 481 529 528 δὲ
560 487 641 542 τὴν
672 486 811 543 αὐλὴν
842 482 1028 529 ἅπασαν
1059 486 1249 534 δικτύοις
1281 520 1290 530 .
1313 520 1322 530 .
1346 520 1355 530 .
1568 486 1651 529 132

381 560 620 612 sequuntur
651 559 734 603 duo
765 572 836 604 vv.
867 558 1037 615 tragici.
1070 555 1191 600 ἔστιν
1223 556 1263 599 δ’
1296 554 1437 611 ὄνομα
1469 592 1478 601 .
1502 592 1541 601 ..

264 629 311 655 **
324 629 398 670 ναὶ
426 628 491 681 μὰ
522 633 625 682 Δία,
656 633 716 683 τῷ
748 630 787 672 δ’
817 629 908 671 υἱεῖ
931 646 976 684 γε
1006 629 1114 683 τῳδὶ
1144 628 1443 671 Βδελυκλέων.
1567 628 1651 671 135

110 713 247 754 Poeta
266 710 402 766 igitur
421 711 620 755 versibus
650 712 920 756 indissolutis
952 712 1149 768 singulas
1181 711 1307 755 huius
1340 711 1551 755 orationis
1574 712 1814 766 particulas

111 782 311 825 distinxit
342 783 535 836 exceptis
567 784 741 826 ultimis.
793 784 998 837 Sequitur
1028 783 1142 826 enim
1173 795 1341 833 versus,
1374 782 1446 834 qui
1477 783 1560 824 toti
1583 795 1813 826 vernarum

110 852 318 907 colloquio
351 852 478 897 finem
510 853 629 908 facit,
661 868 799 909 neque
832 856 945 899 hunc
976 854 1294 908 Aristophanes
1327 866 1453 908 quam
1487 853 1815 898 accuratissime

110 937 364 978 componere
395 925 640 969 intermisit.
700 927 933 981 Bdelycleo
966 926 1109 980 surgit
1139 925 1422 979 increpatque
1454 937 1637 968 vernas:

323 990 357 1035 ὦ
386 995 571 1041 Ξανθία
600 997 673 1038 καὶ
704 999 876 1039 Σωσία·
907 995 1154 1039 καθεύδετε
1164 1012 1180 1047 ,·
1566 995 1650 1038 136

249 1208 341 1251 Iam
374 1221 428 1251 ex
459 1208 597 1252 tribus
635 1208 702 1251 his
735 1209 941 1262 exemplis
980 1208 1184 1263 cognosci
1215 1211 1382 1262 potest,
1426 1208 1528 1261 quid
1568 1208 1613 1251 in
1654 1209 1737 1251 hac
1768 1223 1814 1251 re

108 1279 257 1323 valeat
297 1279 494 1322 trimeter
533 1279 829 1322 indissolutus.
901 1280 947 1322 Si
989 1280 1158 1333 quidem
1205 1279 1356 1322 comici
1396 1282 1552 1334 poetae
1594 1284 1814 1323 oratorum

107 1362 245 1404 genus
278 1350 449 1393 dicendi
479 1350 687 1393 imitando
720 1350 925 1403 consequi
957 1350 1219 1393 studuerunt
1249 1349 1323 1405 (de
1345 1363 1430 1403 qua
1455 1350 1697 1394 imitatione
1729 1351 1813 1394 iam

108 1434 240 1475 supra
272 1421 395 1464 nobis
427 1434 498 1464 res
531 1421 615 1464 fuit
644 1421 690 1463 in
720 1435 792 1475 pg.
815 1419 871 1463 29
895 1420 961 1475 s.),
993 1421 1100 1463 illud
1130 1421 1324 1475 inprimis
1356 1421 1585 1464 artificium
1617 1435 1690 1465 eos
1722 1422 1813 1464 imi-

107 1491 193 1534 tari
235 1504 414 1535 necesse
455 1491 560 1544 fuit,
608 1504 689 1544 quo
731 1494 928 1534 oratores
970 1492 1190 1535 clausulas
1238 1492 1553 1534 sententiarum
1601 1505 1813 1535 exornare

107 1562 319 1605 solebant.
370 1562 494 1617 Quod
525 1575 628 1606 vero
662 1562 822 1605 attinet
854 1563 909 1605 ad
940 1562 1254 1605 sententiarum
1277 1563 1499 1606 exordium
1520 1563 1813 1606 exactioribus

107 1633 306 1678 versibus
339 1633 602 1687 distinctum,
633 1634 714 1677 hoc
744 1634 837 1676 loco
869 1632 1025 1677 iterum
1057 1633 1180 1677 nobis
1207 1633 1396 1678 occurrit
1417 1634 1659 1688 artificium,
1691 1634 1813 1678 cuius

107 1705 192 1749 iam
225 1719 358 1760 supra
387 1705 430 1748 in
463 1707 739 1761 paragrapho
772 1705 964 1749 secunda
994 1708 1061 1749 tot
1092 1706 1290 1760 exempla
1320 1706 1658 1761 percensuimus,

248 1778 372 1820 Haec
404 1777 505 1820 mihi
537 1776 894 1830 quaestiunculae
934 1789 1043 1830 quae
1077 1777 1272 1830 sequitur
1313 1777 1634 1831 praemittenda
1676 1781 1813 1821 erant.

108 1847 267 1892 Omnes
310 1848 478 1892 scilicet
518 1860 632 1891 nunc
673 1847 893 1891 orationes
936 1848 1006 1892 vel
1050 1848 1369 1902 oratiunculas,
1413 1861 1523 1902 quae
1565 1848 1610 1891 in
1652 1848 1813 1892 fabulis

108 1919 441 1972 Aristophaneis
463 1922 508 1961 et
530 1919 789 1973 fragmentis
811 1919 1017 1972 antiquae
1040 1919 1259 1961 comodiae
1284 1922 1472 1970 exstant,
1505 1922 1815 1973 percensentes

108 1989 345 2044 videamus,
377 1992 591 2044 quatenus
622 2002 730 2033 vera
761 1989 850 2032 sint
881 2003 992 2043 quae
1025 1990 1360 2035 enucleavimus.
1420 1991 1582 2045 Legem
1615 2004 1814 2034 severam

107 2073 246 2113 neque
269 2073 468 2114 umquam
489 2060 697 2104 violatam
718 2063 872 2114 poetas
894 2060 977 2103 sibi
998 2060 1226 2115 scripsisse
1249 2073 1371 2104 nemo
1393 2064 1511 2104 certe
1528 2060 1814 2116 exspectabit.

247 2132 443 2176 Exstant
475 2145 576 2176 vero
609 2132 807 2186 exempla
837 2132 930 2175 eius
962 2132 1135 2186 generis
1157 2135 1247 2176 tam
1268 2146 1510 2184 numerosa,
1544 2135 1591 2175 ut
1613 2146 1813 2175 numeros

108 2203 244 2245 solum
282 2214 486 2247 versuum
532 2201 778 2246 exscribere
819 2202 1000 2256 possim,
1046 2201 1193 2256 itaque
1234 2215 1324 2246 rem
1365 2203 1430 2246 ita
1470 2202 1717 2256 instituam,
1766 2205 1814 2246 ut

107 2287 237 2317 unam
288 2276 546 2328 anteponam
595 2274 812 2316 stellulam
859 2265 1048 2316 numeris
1095 2287 1299 2317 versuum
1345 2274 1634 2328 tragicorum,
1685 2274 1812 2316 binas

107 2345 308 2389 stellulas
353 2344 542 2389 numeris
594 2357 794 2389 versuum
849 2344 1125 2398 comicorum,
1177 2345 1347 2388 omnino
1399 2345 1562 2389 nullam
1613 2345 1813 2389 versibus

107 2416 391 2460 indissolutis.

788 2497 1133 2546 Achai-nenses.

249 2583 320 2615 vv.
353 2569 451 2614 496.
483 2569 591 2624 5013
633 2568 765 2612 *502
808 2568 889 2612 511
927 2582 1021 2612 cum
1053 2568 1196 2624 *5123
1238 2569 1336 2614 513.
1378 2569 1521 2625 *522;
1563 2570 1661 2614 523.
1704 2570 1813 2618 529ς

107 2639 239 2686 *530.
271 2641 379 2696 5433
411 2641 509 2685 544.
541 2640 649 2694 5543
682 2640 800 2683 *555
834 2644 879 2684 et
910 2640 995 2683 556
1028 2641 1224 2696 epilogus
1257 2656 1460 2686 versuum
1494 2643 1685 2685 duorum.

250 2831 296 2889 a)
327 2845 399 2877 vv.
431 2830 500 2875 40.
531 2829 577 2854 **
589 2830 668 2886 453
700 2829 755 2874 46
787 2756 1075 2888 (οὗῗὲἒήεε.)
1107 2830 1210 2886 *61;
1243 2830 1298 2875 62
1332 2826 1419 2888 (ὅδ’
1443 2866 1451 2876 .
1476 2867 1483 2876 .
1507 2830 1549 2888 .).
1582 2831 1651 2876 72.

249 2903 296 2960 b)
327 2917 398 2948 vv.
430 2902 529 2947 624.
571 2902 657 2947 638
699 2902 863 2959 ἀναιδῆ
875 2919 885 2958 ;
931 2902 1030 2947 638.
1076 2905 1218 2945 ταῦτα
1260 2938 1268 2947 .
1293 2938 1301 2947 .
1325 2938 1334 2947 .
1382 2903 1490 2958 6503
1543 2902 1678 2948 *65L
1726 2904 1805 2947 681

108 2985 204 3017 cum
235 2972 393 3017 **682.
