<?xml version="1.0" encoding="UTF-8"?>
<!DOCTYPE html PUBLIC "-//W3C//DTD XHTML 1.0 Transitional//EN"
    "http://www.w3.org/TR/xhtml1/DTD/xhtml1-transitional.dtd">
<html xmlns="http://www.w3.org/1999/xhtml" xml:lang="en" lang="en">
 <head>
  <title>
</title>
<meta http-equiv="Content-Type" content="text/html;charset=utf-8" />
  <meta name='ocr-system' content='tesseract 3.04.00' />
  <meta name='ocr-capabilities' content='ocr_page ocr_carea ocr_par ocr_line ocrx_word'/>
</head>
<body>
  <div class='ocr_page' id='page_1' title='image "./4626793_0023.png"; bbox 0 0 2053 3404; ppageno 0'>
   <div class='ocr_carea' id='block_1_1' title="bbox 833 248 1124 295">
    <p class='ocr_par' dir='ltr' id='par_1_1' title="bbox 833 248 1124 295">
     <span class='ocr_line' id='line_1_1' title="bbox 833 248 1124 295; baseline -0.01 -10"><span class='ocrx_word' id='word_1_1' title='bbox 833 248 1124 295; x_wconf 77' lang='lat'><strong>-17-</strong></span> 
     </span>
    </p>
   </div>
   <div class='ocr_carea' id='block_1_2' title="bbox 127 378 1832 1639">
    <p class='ocr_par' dir='ltr' id='par_1_2' title="bbox 127 378 1829 576">
     <span class='ocr_line' id='line_1_2' title="bbox 127 378 1827 438; baseline -0.001 -14"><span class='ocrx_word' id='word_1_2' title='bbox 127 380 202 438; x_wconf 87' lang='lat' dir='ltr'>(cf.</span> <span class='ocrx_word' id='word_1_3' title='bbox 227 393 270 425; x_wconf 85' lang='lat' dir='ltr'>v.</span> <span class='ocrx_word' id='word_1_4' title='bbox 294 378 429 436; x_wconf 82' lang='lat'>1078)</span> <span class='ocrx_word' id='word_1_5' title='bbox 462 382 593 433; x_wconf 87' lang='lat' dir='ltr'>atque</span> <span class='ocrx_word' id='word_1_6' title='bbox 624 381 762 423; x_wconf 88' lang='lat' dir='ltr'>totam</span> <span class='ocrx_word' id='word_1_7' title='bbox 792 380 906 422; x_wconf 88' lang='lat' dir='ltr'>hanc</span> <span class='ocrx_word' id='word_1_8' title='bbox 936 391 1152 431; x_wconf 81' lang='lat' dir='ltr'>scaenam,</span> <span class='ocrx_word' id='word_1_9' title='bbox 1186 383 1296 433; x_wconf 88' lang='lat' dir='ltr'>quae</span> <span class='ocrx_word' id='word_1_10' title='bbox 1327 380 1469 423; x_wconf 88' lang='lat' dir='ltr'>tendit</span> <span class='ocrx_word' id='word_1_11' title='bbox 1500 393 1527 423; x_wconf 87' lang='lat' dir='ltr'>a</span> <span class='ocrx_word' id='word_1_12' title='bbox 1557 392 1688 423; x_wconf 88' lang='lat' dir='ltr'>versu</span> <span class='ocrx_word' id='word_1_13' title='bbox 1712 379 1827 423; x_wconf 82' lang='lat'>1074</span> 
     </span>
     <span class='ocr_line' id='line_1_3' title="bbox 129 448 1829 505; baseline -0.002 -9"><span class='ocrx_word' id='word_1_14' title='bbox 129 463 264 505; x_wconf 90' lang='lat' dir='ltr'>usque</span> <span class='ocrx_word' id='word_1_15' title='bbox 287 451 343 495; x_wconf 90' lang='lat' dir='ltr'>ad</span> <span class='ocrx_word' id='word_1_16' title='bbox 362 463 538 496; x_wconf 89' lang='lat' dir='ltr'>versum</span> <span class='ocrx_word' id='word_1_17' title='bbox 559 448 686 503; x_wconf 88' lang='lat'>1107,</span> <span class='ocrx_word' id='word_1_18' title='bbox 718 449 932 505; x_wconf 79' lang='lat' dir='ltr'>tragicam</span> <span class='ocrx_word' id='word_1_19' title='bbox 962 454 1095 504; x_wconf 89' lang='lat' dir='ltr'>poeta</span> <span class='ocrx_word' id='word_1_20' title='bbox 1116 449 1417 494; x_wconf 81' lang='lat' dir='ltr'>conformavit.</span> <span class='ocrx_word' id='word_1_21' title='bbox 1461 451 1625 494; x_wconf 82' lang='lat' dir='ltr'>Versus</span> <span class='ocrx_word' id='word_1_22' title='bbox 1645 463 1750 495; x_wconf 89' lang='lat' dir='ltr'>vero</span> <span class='ocrx_word' id='word_1_23' title='bbox 1773 449 1829 493; x_wconf 84' lang='lat'>34</span> 
     </span>
     <span class='ocr_line' id='line_1_4' title="bbox 128 519 1425 576; baseline -0.002 -11"><span class='ocrx_word' id='word_1_24' title='bbox 128 524 231 566; x_wconf 87' lang='lat' dir='ltr'>sunt</span> <span class='ocrx_word' id='word_1_25' title='bbox 261 534 450 574; x_wconf 88' lang='lat' dir='ltr'>numero,</span> <span class='ocrx_word' id='word_1_26' title='bbox 480 521 729 564; x_wconf 87' lang='lat' dir='ltr'>indissoluti</span> <span class='ocrx_word' id='word_1_27' title='bbox 759 519 828 573; x_wconf 95' lang='grc'>22,</span> <span class='ocrx_word' id='word_1_28' title='bbox 858 520 1018 576; x_wconf 79' lang='lat' dir='ltr'>tragici</span> <span class='ocrx_word' id='word_1_29' title='bbox 1036 519 1088 573; x_wconf 82' lang='lat'>9,</span> <span class='ocrx_word' id='word_1_30' title='bbox 1120 520 1271 563; x_wconf 90' lang='lat' dir='ltr'>comici</span> <span class='ocrx_word' id='word_1_31' title='bbox 1301 519 1340 563; x_wconf 93' lang='grc'>2.</span> <span class='ocrx_word' id='word_1_32' title='bbox 1376 544 1425 550; x_wconf 88' lang='grc'>-</span> 
     </span>
    </p>

    <p class='ocr_par' dir='ltr' id='par_1_3' title="bbox 127 591 1830 777">
     <span class='ocr_line' id='line_1_5' title="bbox 269 591 1829 645; baseline -0.001 -10"><span class='ocrx_word' id='word_1_33' title='bbox 269 592 498 645; x_wconf 82' lang='lat' dir='ltr'>Reliquum</span> <span class='ocrx_word' id='word_1_34' title='bbox 539 593 609 634; x_wconf 85' lang='lat' dir='ltr'>est</span> <span class='ocrx_word' id='word_1_35' title='bbox 649 592 910 645; x_wconf 85' lang='lat' dir='ltr'>exemplum,</span> <span class='ocrx_word' id='word_1_36' title='bbox 952 592 1066 644; x_wconf 86' lang='lat' dir='ltr'>quod</span> <span class='ocrx_word' id='word_1_37' title='bbox 1105 591 1222 634; x_wconf 91' lang='lat' dir='ltr'>inest</span> <span class='ocrx_word' id='word_1_38' title='bbox 1260 591 1306 633; x_wconf 93' lang='lat' dir='ltr'>in</span> <span class='ocrx_word' id='word_1_39' title='bbox 1337 591 1545 634; x_wconf 83' lang='lat' dir='ltr'>Nubibus.</span> <span class='ocrx_word' id='word_1_40' title='bbox 1606 592 1705 634; x_wconf 87' lang='lat' dir='ltr'>Etsi</span> <span class='ocrx_word' id='word_1_41' title='bbox 1742 605 1829 634; x_wconf 91' lang='lat' dir='ltr'>non</span> 
     </span>
     <span class='ocr_line' id='line_1_6' title="bbox 127 660 1830 725; baseline -0.002 -18"><span class='ocrx_word' id='word_1_42' title='bbox 127 663 173 707; x_wconf 91' lang='lat' dir='ltr'>in</span> <span class='ocrx_word' id='word_1_43' title='bbox 229 661 407 706; x_wconf 84' lang='lat' dir='ltr'>fabulae</span> <span class='ocrx_word' id='word_1_44' title='bbox 464 661 601 706; x_wconf 85' lang='lat' dir='ltr'>exodo</span> <span class='ocrx_word' id='word_1_45' title='bbox 658 661 846 725; x_wconf 85' lang='lat' dir='ltr'>positum</span> <span class='ocrx_word' id='word_1_46' title='bbox 902 663 992 714; x_wconf 91' lang='lat' dir='ltr'>est,</span> <span class='ocrx_word' id='word_1_47' title='bbox 1052 663 1200 705; x_wconf 88' lang='lat' dir='ltr'>tamen</span> <span class='ocrx_word' id='word_1_48' title='bbox 1256 660 1343 705; x_wconf 91' lang='lat' dir='ltr'>illis</span> <span class='ocrx_word' id='word_1_49' title='bbox 1405 674 1516 715; x_wconf 85' lang='lat' dir='ltr'>quae</span> <span class='ocrx_word' id='word_1_50' title='bbox 1574 661 1704 704; x_wconf 88' lang='lat' dir='ltr'>attuli</span> <span class='ocrx_word' id='word_1_51' title='bbox 1761 663 1830 704; x_wconf 88' lang='lat' dir='ltr'>est</span> 
     </span>
     <span class='ocr_line' id='line_1_7' title="bbox 129 733 399 777; baseline -0.004 0"><span class='ocrx_word' id='word_1_52' title='bbox 129 733 399 777; x_wconf 90' lang='lat' dir='ltr'>simillimum.</span> 
     </span>
    </p>

    <p class='ocr_par' dir='ltr' id='par_1_4' title="bbox 129 800 1832 1213">
     <span class='ocr_line' id='line_1_8' title="bbox 269 800 1832 857; baseline -0.002 -11"><span class='ocrx_word' id='word_1_53' title='bbox 269 803 360 846; x_wconf 86' lang='lat' dir='ltr'>Res</span> <span class='ocrx_word' id='word_1_54' title='bbox 401 805 469 847; x_wconf 85' lang='lat' dir='ltr'>est</span> <span class='ocrx_word' id='word_1_55' title='bbox 510 803 564 846; x_wconf 90' lang='lat' dir='ltr'>de</span> <span class='ocrx_word' id='word_1_56' title='bbox 594 803 780 846; x_wconf 90' lang='lat' dir='ltr'>Nubium</span> <span class='ocrx_word' id='word_1_57' title='bbox 821 802 1019 847; x_wconf 89' lang='lat' dir='ltr'>versibus</span> <span class='ocrx_word' id='word_1_58' title='bbox 1062 801 1177 845; x_wconf 83' lang='lat'>1260</span> <span class='ocrx_word' id='word_1_59' title='bbox 1208 815 1265 846; x_wconf 89' lang='lat' dir='ltr'>ss.</span> <span class='ocrx_word' id='word_1_60' title='bbox 1326 802 1537 857; x_wconf 88' lang='lat' dir='ltr'>Amynias</span> <span class='ocrx_word' id='word_1_61' title='bbox 1578 800 1832 845; x_wconf 87' lang='lat' dir='ltr'>faenerator</span> 
     </span>
     <span class='ocr_line' id='line_1_9' title="bbox 129 872 1831 931; baseline -0.002 -12"><span class='ocrx_word' id='word_1_62' title='bbox 129 875 293 931; x_wconf 79' lang='lat' dir='ltr'>prodit,</span> <span class='ocrx_word' id='word_1_63' title='bbox 344 874 417 928; x_wconf 89' lang='lat' dir='ltr'>qui</span> <span class='ocrx_word' id='word_1_64' title='bbox 458 888 586 919; x_wconf 90' lang='lat' dir='ltr'>curru</span> <span class='ocrx_word' id='word_1_65' title='bbox 627 875 792 919; x_wconf 88' lang='lat' dir='ltr'>vehens</span> <span class='ocrx_word' id='word_1_66' title='bbox 833 874 1103 918; x_wconf 90' lang='lat' dir='ltr'>incommoda</span> <span class='ocrx_word' id='word_1_67' title='bbox 1145 874 1328 928; x_wconf 88' lang='lat' dir='ltr'>accepit.</span> <span class='ocrx_word' id='word_1_68' title='bbox 1400 873 1614 928; x_wconf 81' lang='lat' dir='ltr'>Deplorat</span> <span class='ocrx_word' id='word_1_69' title='bbox 1656 872 1831 916; x_wconf 87' lang='lat' dir='ltr'>calami-</span> 
     </span>
     <span class='ocr_line' id='line_1_10' title="bbox 129 943 1831 1001; baseline -0.003 -11"><span class='ocrx_word' id='word_1_70' title='bbox 129 949 278 1000; x_wconf 86' lang='lat' dir='ltr'>tatem,</span> <span class='ocrx_word' id='word_1_71' title='bbox 319 946 518 1001; x_wconf 88' lang='lat' dir='ltr'>deplorat</span> <span class='ocrx_word' id='word_1_72' title='bbox 548 945 797 1001; x_wconf 89' lang='lat' dir='ltr'>pecuniam,</span> <span class='ocrx_word' id='word_1_73' title='bbox 841 959 970 999; x_wconf 90' lang='lat' dir='ltr'>quam</span> <span class='ocrx_word' id='word_1_74' title='bbox 1010 945 1198 988; x_wconf 90' lang='lat' dir='ltr'>nondum</span> <span class='ocrx_word' id='word_1_75' title='bbox 1240 945 1279 988; x_wconf 91' lang='lat' dir='ltr'>ei</span> <span class='ocrx_word' id='word_1_76' title='bbox 1309 943 1589 998; x_wconf 90' lang='lat' dir='ltr'>Phidippides</span> <span class='ocrx_word' id='word_1_77' title='bbox 1630 943 1831 986; x_wconf 82' lang='lat' dir='ltr'>reddidit.</span> 
     </span>
     <span class='ocr_line' id='line_1_11' title="bbox 130 1013 1831 1071; baseline -0.003 -11"><span class='ocrx_word' id='word_1_78' title='bbox 130 1018 301 1061; x_wconf 82' lang='lat' dir='ltr'>Scaena</span> <span class='ocrx_word' id='word_1_79' title='bbox 340 1018 451 1060; x_wconf 87' lang='lat' dir='ltr'>haec</span> <span class='ocrx_word' id='word_1_80' title='bbox 490 1017 650 1071; x_wconf 86' lang='lat' dir='ltr'>tragici</span> <span class='ocrx_word' id='word_1_81' title='bbox 691 1019 760 1059; x_wconf 88' lang='lat' dir='ltr'>est</span> <span class='ocrx_word' id='word_1_82' title='bbox 801 1016 977 1070; x_wconf 84' lang='lat' dir='ltr'>coloris3</span> <span class='ocrx_word' id='word_1_83' title='bbox 1018 1016 1161 1059; x_wconf 88' lang='lat' dir='ltr'>tendit</span> <span class='ocrx_word' id='word_1_84' title='bbox 1202 1030 1229 1059; x_wconf 91' lang='lat' dir='ltr'>a</span> <span class='ocrx_word' id='word_1_85' title='bbox 1268 1028 1400 1059; x_wconf 91' lang='lat' dir='ltr'>versu</span> <span class='ocrx_word' id='word_1_86' title='bbox 1442 1013 1558 1056; x_wconf 84' lang='lat'>1260</span> <span class='ocrx_word' id='word_1_87' title='bbox 1597 1027 1733 1066; x_wconf 87' lang='lat' dir='ltr'>usque</span> <span class='ocrx_word' id='word_1_88' title='bbox 1775 1014 1831 1056; x_wconf 87' lang='lat' dir='ltr'>ad</span> 
     </span>
     <span class='ocr_line' id='line_1_12' title="bbox 129 1083 1830 1140; baseline -0.003 -8"><span class='ocrx_word' id='word_1_89' title='bbox 129 1100 303 1133; x_wconf 83' lang='lat' dir='ltr'>versum</span> <span class='ocrx_word' id='word_1_90' title='bbox 354 1086 467 1131; x_wconf 87' lang='grc'>1271</span> <span class='ocrx_word' id='word_1_91' title='bbox 481 1122 491 1140; x_wconf 93' lang='grc'>,</span> <span class='ocrx_word' id='word_1_92' title='bbox 542 1100 721 1140; x_wconf 91' lang='lat' dir='ltr'>quorum</span> <span class='ocrx_word' id='word_1_93' title='bbox 773 1086 828 1130; x_wconf 92' lang='grc'>12</span> <span class='ocrx_word' id='word_1_94' title='bbox 879 1099 1084 1131; x_wconf 90' lang='lat' dir='ltr'>versuum</span> <span class='ocrx_word' id='word_1_95' title='bbox 1132 1086 1381 1130; x_wconf 87' lang='lat' dir='ltr'>indissoluti</span> <span class='ocrx_word' id='word_1_96' title='bbox 1431 1087 1534 1129; x_wconf 90' lang='lat' dir='ltr'>sunt</span> <span class='ocrx_word' id='word_1_97' title='bbox 1584 1097 1739 1128; x_wconf 88' lang='lat' dir='ltr'>versus</span> <span class='ocrx_word' id='word_1_98' title='bbox 1791 1083 1830 1136; x_wconf 86' lang='lat'>9,</span> 
     </span>
     <span class='ocr_line' id='line_1_13' title="bbox 129 1147 1057 1213; baseline 0 -12"><span class='ocrx_word' id='word_1_99' title='bbox 129 1160 242 1213; x_wconf 87' lang='lat' dir='ltr'>trag.</span> <span class='ocrx_word' id='word_1_100' title='bbox 273 1147 314 1211; x_wconf 90' lang='grc'>2,</span> <span class='ocrx_word' id='word_1_101' title='bbox 345 1170 450 1201; x_wconf 90' lang='lat' dir='ltr'>com.</span> <span class='ocrx_word' id='word_1_102' title='bbox 483 1156 522 1201; x_wconf 88' lang='lat'>1.</span> <span class='ocrx_word' id='word_1_103' title='bbox 1055 1163 1057 1165; x_wconf 82' lang='grc'><strong>’</strong></span> 
     </span>
    </p>

    <p class='ocr_par' dir='ltr' id='par_1_5' title="bbox 272 1227 897 1274">
     <span class='ocr_line' id='line_1_14' title="bbox 272 1227 897 1274; baseline -0.002 -1"><span class='ocrx_word' id='word_1_104' title='bbox 272 1228 337 1273; x_wconf 79' lang='lat' dir='ltr'>Of.</span> <span class='ocrx_word' id='word_1_105' title='bbox 368 1242 465 1273; x_wconf 92' lang='lat' dir='ltr'>cum</span> <span class='ocrx_word' id='word_1_106' title='bbox 494 1229 695 1274; x_wconf 90' lang='lat' dir='ltr'>versibus</span> <span class='ocrx_word' id='word_1_107' title='bbox 727 1227 842 1272; x_wconf 82' lang='grc'>1264</span> <span class='ocrx_word' id='word_1_108' title='bbox 863 1241 897 1272; x_wconf 91' lang='lat' dir='ltr'>s.</span> 
     </span>
    </p>

    <p class='ocr_par' dir='ltr' id='par_1_6' title="bbox 130 1294 1699 1639">
     <span class='ocr_line' id='line_1_15' title="bbox 343 1294 1364 1357; baseline -0.001 -15"><span class='ocrx_word' id='word_1_109' title='bbox 343 1295 377 1342; x_wconf 72' lang='grc' dir='ltr'><strong><em>ὦ</em></strong></span> <span class='ocrx_word' id='word_1_110' title='bbox 408 1297 565 1357; x_wconf 77' lang='grc' dir='ltr'><strong><em>σκληρὲ</em></strong></span> <span class='ocrx_word' id='word_1_111' title='bbox 596 1300 774 1354; x_wconf 81' lang='grc' dir='ltr'>δαῖμον,</span> <span class='ocrx_word' id='word_1_112' title='bbox 807 1294 841 1340; x_wconf 68' lang='grc' dir='ltr'><strong><em>ὦ</em></strong></span> <span class='ocrx_word' id='word_1_113' title='bbox 870 1298 1001 1353; x_wconf 82' lang='grc' dir='ltr'><strong><em>τύχαι</em></strong></span> <span class='ocrx_word' id='word_1_114' title='bbox 1030 1298 1364 1355; x_wconf 77' lang='grc' dir='ltr'><strong><em>θραυσάντυγες</em></strong></span> 
     </span>
     <span class='ocr_line' id='line_1_16' title="bbox 346 1364 1351 1425; baseline 0.001 -11"><span class='ocrx_word' id='word_1_115' title='bbox 346 1369 498 1414; x_wconf 74' lang='grc' dir='ltr'><strong><em>ἵππων</em></strong></span> <span class='ocrx_word' id='word_1_116' title='bbox 527 1370 659 1425; x_wconf 79' lang='grc' dir='ltr'><strong><em>ἐμῶν,</em></strong></span> <span class='ocrx_word' id='word_1_117' title='bbox 690 1365 725 1412; x_wconf 67' lang='grc' dir='ltr'>αἶ</span> <span class='ocrx_word' id='word_1_118' title='bbox 752 1369 938 1419; x_wconf 80' lang='grc' dir='ltr'><strong><em>Παλλὰς</em></strong></span> <span class='ocrx_word' id='word_1_119' title='bbox 968 1364 1025 1419; x_wconf 79' lang='grc' dir='ltr'>ὥς</span> <span class='ocrx_word' id='word_1_120' title='bbox 1053 1369 1351 1424; x_wconf 80' lang='grc' dir='ltr'><strong><em>μ’ἀπώλεσας.</em></strong></span> 
     </span>
     <span class='ocr_line' id='line_1_17' title="bbox 130 1441 747 1502; baseline -0.003 -16"><span class='ocrx_word' id='word_1_121' title='bbox 130 1456 283 1487; x_wconf 87' lang='lat' dir='ltr'>versus</span> <span class='ocrx_word' id='word_1_122' title='bbox 316 1455 422 1502; x_wconf 79' lang='lat' dir='ltr'>quos</span> <span class='ocrx_word' id='word_1_123' title='bbox 454 1455 587 1496; x_wconf 89' lang='lat' dir='ltr'>supra</span> <span class='ocrx_word' id='word_1_124' title='bbox 618 1441 747 1485; x_wconf 87' lang='lat' dir='ltr'>attuli</span> 
     </span>
     <span class='ocr_line' id='line_1_18' title="bbox 343 1506 1697 1568; baseline 0.001 -15"><span class='ocrx_word' id='word_1_125' title='bbox 343 1507 376 1553; x_wconf 71' lang='grc'>(3</span> <span class='ocrx_word' id='word_1_126' title='bbox 407 1511 698 1568; x_wconf 74' lang='grc' dir='ltr'><strong><em>δυσκάθαρτε</em></strong></span> <span class='ocrx_word' id='word_1_127' title='bbox 729 1513 891 1566; x_wconf 85' lang='grc' dir='ltr'><strong><em>δαΐμον</em></strong></span> <span class='ocrx_word' id='word_1_128' title='bbox 920 1506 978 1560; x_wconf 65' lang='grc' dir='ltr'>ὥς</span> <span class='ocrx_word' id='word_1_129' title='bbox 1006 1510 1304 1565; x_wconf 78' lang='grc' dir='ltr'><strong><em>μ’ἆπώλεσας.</em></strong></span> <span class='ocrx_word' id='word_1_130' title='bbox 1445 1514 1548 1556; x_wconf 86' lang='lat' dir='ltr'>Pac.</span> <span class='ocrx_word' id='word_1_131' title='bbox 1582 1512 1697 1555; x_wconf 80' lang='lat'>1250</span> 
     </span>
     <span class='ocr_line' id='line_1_19' title="bbox 344 1578 1699 1639; baseline 0.001 -15"><span class='ocrx_word' id='word_1_132' title='bbox 344 1578 379 1624; x_wconf 70' lang='grc'>(3</span> <span class='ocrx_word' id='word_1_133' title='bbox 410 1581 618 1639; x_wconf 81' lang='grc' dir='ltr'><strong><em>συμφορὰ</em></strong></span> <span class='ocrx_word' id='word_1_134' title='bbox 648 1582 838 1624; x_wconf 78' lang='grc' dir='ltr'><strong><em>τάλαινα</em></strong></span> <span class='ocrx_word' id='word_1_135' title='bbox 866 1585 953 1624; x_wconf 79' lang='grc' dir='ltr'>τῶν</span> <span class='ocrx_word' id='word_1_136' title='bbox 984 1582 1101 1637; x_wconf 79' lang='grc' dir='ltr'><strong><em>ἐμῶν</em></strong></span> <span class='ocrx_word' id='word_1_137' title='bbox 1129 1586 1284 1625; x_wconf 78' lang='grc' dir='ltr'><strong><em>κακῶν.</em></strong></span> <span class='ocrx_word' id='word_1_138' title='bbox 1443 1585 1550 1628; x_wconf 89' lang='lat' dir='ltr'>Ach.</span> <span class='ocrx_word' id='word_1_139' title='bbox 1585 1583 1699 1627; x_wconf 80' lang='grc'>1204</span> 
     </span>
    </p>
   </div>
   <div class='ocr_carea' id='block_1_3' title="bbox 130 1783 1835 2550">
    <p class='ocr_par' dir='ltr' id='par_1_7' title="bbox 130 1783 1835 2194">
     <span class='ocr_line' id='line_1_20' title="bbox 273 1783 1832 1839; baseline 0.001 -13"><span class='ocrx_word' id='word_1_140' title='bbox 273 1783 452 1839; x_wconf 80' lang='lat' dir='ltr'>Semper</span> <span class='ocrx_word' id='word_1_141' title='bbox 481 1784 527 1827; x_wconf 90' lang='lat' dir='ltr'>in</span> <span class='ocrx_word' id='word_1_142' title='bbox 555 1784 785 1839; x_wconf 85' lang='lat' dir='ltr'>tragoedia</span> <span class='ocrx_word' id='word_1_143' title='bbox 815 1784 986 1828; x_wconf 85' lang='lat' dir='ltr'>versari</span> <span class='ocrx_word' id='word_1_144' title='bbox 1014 1784 1227 1838; x_wconf 86' lang='lat' dir='ltr'>videmur,</span> <span class='ocrx_word' id='word_1_145' title='bbox 1268 1785 1306 1828; x_wconf 90' lang='lat' dir='ltr'>si</span> <span class='ocrx_word' id='word_1_146' title='bbox 1336 1785 1382 1827; x_wconf 91' lang='lat' dir='ltr'>in</span> <span class='ocrx_word' id='word_1_147' title='bbox 1413 1785 1635 1828; x_wconf 84' lang='lat' dir='ltr'>comoedia</span> <span class='ocrx_word' id='word_1_148' title='bbox 1664 1785 1832 1828; x_wconf 87' lang='lat' dir='ltr'>Aristo-</span> 
     </span>
     <span class='ocr_line' id='line_1_21' title="bbox 131 1854 1832 1912; baseline 0.001 -14"><span class='ocrx_word' id='word_1_149' title='bbox 131 1854 304 1909; x_wconf 81' lang='lat' dir='ltr'>phanea</span> <span class='ocrx_word' id='word_1_150' title='bbox 333 1855 511 1899; x_wconf 88' lang='lat' dir='ltr'>nuntius</span> <span class='ocrx_word' id='word_1_151' title='bbox 542 1855 699 1910; x_wconf 85' lang='lat' dir='ltr'>prodit.</span> <span class='ocrx_word' id='word_1_152' title='bbox 759 1856 830 1899; x_wconf 84' lang='lat' dir='ltr'>Ex</span> <span class='ocrx_word' id='word_1_153' title='bbox 860 1856 1115 1912; x_wconf 85' lang='lat' dir='ltr'>tragoediae</span> <span class='ocrx_word' id='word_1_154' title='bbox 1154 1869 1202 1900; x_wconf 87' lang='lat' dir='ltr'>re</span> <span class='ocrx_word' id='word_1_155' title='bbox 1240 1855 1445 1900; x_wconf 83' lang='lat' dir='ltr'>scaenica</span> <span class='ocrx_word' id='word_1_156' title='bbox 1486 1856 1636 1900; x_wconf 92' lang='lat' dir='ltr'>comici</span> <span class='ocrx_word' id='word_1_157' title='bbox 1676 1858 1832 1911; x_wconf 88' lang='lat' dir='ltr'>poetae</span> 
     </span>
     <span class='ocr_line' id='line_1_22' title="bbox 131 1926 1833 1981; baseline 0.001 -13"><span class='ocrx_word' id='word_1_158' title='bbox 131 1926 245 1968; x_wconf 88' lang='lat' dir='ltr'>hanc</span> <span class='ocrx_word' id='word_1_159' title='bbox 282 1938 512 1980; x_wconf 89' lang='lat' dir='ltr'>personam</span> <span class='ocrx_word' id='word_1_160' title='bbox 553 1926 637 1970; x_wconf 92' lang='lat' dir='ltr'>sibi</span> <span class='ocrx_word' id='word_1_161' title='bbox 677 1928 974 1981; x_wconf 83' lang='lat' dir='ltr'>sumpserunt,</span> <span class='ocrx_word' id='word_1_162' title='bbox 1021 1940 1115 1971; x_wconf 90' lang='lat' dir='ltr'>cum</span> <span class='ocrx_word' id='word_1_163' title='bbox 1161 1927 1339 1971; x_wconf 85' lang='lat' dir='ltr'>fabulae</span> <span class='ocrx_word' id='word_1_164' title='bbox 1381 1929 1684 1981; x_wconf 84' lang='lat' dir='ltr'>argumentum</span> <span class='ocrx_word' id='word_1_165' title='bbox 1729 1927 1833 1970; x_wconf 87' lang='lat' dir='ltr'>arti-</span> 
     </span>
     <span class='ocr_line' id='line_1_23' title="bbox 130 1994 1834 2059; baseline 0.002 -20"><span class='ocrx_word' id='word_1_166' title='bbox 130 1994 320 2041; x_wconf 87' lang='lat' dir='ltr'>ficiosius</span> <span class='ocrx_word' id='word_1_167' title='bbox 351 1995 397 2040; x_wconf 91' lang='lat' dir='ltr'>in</span> <span class='ocrx_word' id='word_1_168' title='bbox 427 1996 596 2041; x_wconf 90' lang='lat' dir='ltr'>modum</span> <span class='ocrx_word' id='word_1_169' title='bbox 626 1997 881 2059; x_wconf 83' lang='lat' dir='ltr'>tragoediae</span> <span class='ocrx_word' id='word_1_170' title='bbox 913 2010 1169 2053; x_wconf 90' lang='lat' dir='ltr'>componere</span> <span class='ocrx_word' id='word_1_171' title='bbox 1200 1998 1458 2053; x_wconf 85' lang='lat' dir='ltr'>coepissent,</span> <span class='ocrx_word' id='word_1_172' title='bbox 1495 2011 1635 2052; x_wconf 90' lang='lat' dir='ltr'>neque</span> <span class='ocrx_word' id='word_1_173' title='bbox 1665 1998 1834 2042; x_wconf 88' lang='lat' dir='ltr'>Aristo—</span> 
     </span>
     <span class='ocr_line' id='line_1_24' title="bbox 131 2065 1835 2123; baseline 0.002 -15"><span class='ocrx_word' id='word_1_174' title='bbox 131 2067 299 2120; x_wconf 83' lang='lat' dir='ltr'>phanes</span> <span class='ocrx_word' id='word_1_175' title='bbox 340 2065 497 2110; x_wconf 87' lang='lat' dir='ltr'>faciem</span> <span class='ocrx_word' id='word_1_176' title='bbox 538 2066 630 2109; x_wconf 90' lang='lat' dir='ltr'>eius</span> <span class='ocrx_word' id='word_1_177' title='bbox 661 2066 927 2120; x_wconf 85' lang='lat' dir='ltr'>immutavit,</span> <span class='ocrx_word' id='word_1_178' title='bbox 968 2068 1046 2111; x_wconf 90' lang='lat' dir='ltr'>sed</span> <span class='ocrx_word' id='word_1_179' title='bbox 1077 2069 1148 2112; x_wconf 87' lang='lat' dir='ltr'>vel</span> <span class='ocrx_word' id='word_1_180' title='bbox 1180 2069 1522 2112; x_wconf 86' lang='lat' dir='ltr'>sordidissimum</span> <span class='ocrx_word' id='word_1_181' title='bbox 1552 2083 1754 2123; x_wconf 86' lang='lat' dir='ltr'>vernam,</span> <span class='ocrx_word' id='word_1_182' title='bbox 1797 2069 1835 2112; x_wconf 86' lang='lat' dir='ltr'>si</span> 
     </span>
     <span class='ocr_line' id='line_1_25' title="bbox 132 2135 1577 2194; baseline 0.003 -16"><span class='ocrx_word' id='word_1_183' title='bbox 132 2135 326 2179; x_wconf 84' lang='lat' dir='ltr'>nuntium</span> <span class='ocrx_word' id='word_1_184' title='bbox 360 2135 465 2190; x_wconf 86' lang='lat' dir='ltr'>agit,</span> <span class='ocrx_word' id='word_1_185' title='bbox 494 2136 766 2180; x_wconf 89' lang='lat' dir='ltr'>incedentem</span> <span class='ocrx_word' id='word_1_186' title='bbox 796 2137 934 2193; x_wconf 82' lang='lat' dir='ltr'>fingit,</span> <span class='ocrx_word' id='word_1_187' title='bbox 966 2135 1090 2192; x_wconf 86' lang='lat' dir='ltr'>quasi</span> <span class='ocrx_word' id='word_1_188' title='bbox 1119 2139 1316 2194; x_wconf 88' lang='lat' dir='ltr'>tragicus</span> <span class='ocrx_word' id='word_1_189' title='bbox 1347 2141 1475 2183; x_wconf 90' lang='lat' dir='ltr'>heros</span> <span class='ocrx_word' id='word_1_190' title='bbox 1507 2140 1577 2183; x_wconf 93' lang='lat' dir='ltr'>sit.</span> 
     </span>
    </p>

    <p class='ocr_par' dir='ltr' id='par_1_8' title="bbox 131 2206 1834 2550">
     <span class='ocr_line' id='line_1_26' title="bbox 231 2206 1833 2264; baseline 0.004 -17"><span class='ocrx_word' id='word_1_191' title='bbox 231 2225 235 2229; x_wconf 95' lang='lat'><em>·</em></span> <span class='ocrx_word' id='word_1_192' title='bbox 272 2206 368 2248; x_wconf 92' lang='lat' dir='ltr'>Hoc</span> <span class='ocrx_word' id='word_1_193' title='bbox 412 2207 536 2249; x_wconf 93' lang='lat' dir='ltr'>modo</span> <span class='ocrx_word' id='word_1_194' title='bbox 581 2208 763 2261; x_wconf 88' lang='lat' dir='ltr'>parodia</span> <span class='ocrx_word' id='word_1_195' title='bbox 807 2208 1003 2251; x_wconf 89' lang='lat' dir='ltr'>nascitur</span> <span class='ocrx_word' id='word_1_196' title='bbox 1046 2209 1214 2261; x_wconf 87' lang='lat' dir='ltr'>iocosa,</span> <span class='ocrx_word' id='word_1_197' title='bbox 1261 2223 1388 2263; x_wconf 89' lang='lat' dir='ltr'>quam</span> <span class='ocrx_word' id='word_1_198' title='bbox 1435 2212 1601 2264; x_wconf 89' lang='lat' dir='ltr'>augent</span> <span class='ocrx_word' id='word_1_199' title='bbox 1646 2211 1833 2253; x_wconf 86' lang='lat' dir='ltr'>elocutio</span> 
     </span>
     <span class='ocr_line' id='line_1_27' title="bbox 132 2276 1834 2336; baseline 0.003 -17"><span class='ocrx_word' id='word_1_200' title='bbox 132 2276 303 2332; x_wconf 88' lang='lat' dir='ltr'>tragica</span> <span class='ocrx_word' id='word_1_201' title='bbox 333 2289 414 2320; x_wconf 89' lang='lat' dir='ltr'>nec</span> <span class='ocrx_word' id='word_1_202' title='bbox 444 2290 532 2321; x_wconf 92' lang='lat' dir='ltr'>non</span> <span class='ocrx_word' id='word_1_203' title='bbox 561 2291 634 2322; x_wconf 89' lang='lat' dir='ltr'>res</span> <span class='ocrx_word' id='word_1_204' title='bbox 664 2279 858 2323; x_wconf 87' lang='lat' dir='ltr'>metrica.</span> <span class='ocrx_word' id='word_1_205' title='bbox 918 2280 1096 2336; x_wconf 88' lang='lat' dir='ltr'>Longas</span> <span class='ocrx_word' id='word_1_206' title='bbox 1128 2293 1235 2324; x_wconf 89' lang='lat' dir='ltr'>sane</span> <span class='ocrx_word' id='word_1_207' title='bbox 1266 2281 1365 2325; x_wconf 90' lang='lat' dir='ltr'>illas</span> <span class='ocrx_word' id='word_1_208' title='bbox 1402 2280 1651 2324; x_wconf 86' lang='lat' dir='ltr'>nuntiorum</span> <span class='ocrx_word' id='word_1_209' title='bbox 1682 2294 1834 2324; x_wconf 89' lang='lat' dir='ltr'>narra-</span> 
     </span>
     <span class='ocr_line' id='line_1_28' title="bbox 132 2347 1832 2406; baseline 0.003 -17"><span class='ocrx_word' id='word_1_210' title='bbox 132 2347 274 2390; x_wconf 88' lang='lat' dir='ltr'>tiones</span> <span class='ocrx_word' id='word_1_211' title='bbox 316 2347 486 2390; x_wconf 92' lang='lat' dir='ltr'>omnino</span> <span class='ocrx_word' id='word_1_212' title='bbox 527 2361 614 2391; x_wconf 92' lang='lat' dir='ltr'>non</span> <span class='ocrx_word' id='word_1_213' title='bbox 656 2350 878 2393; x_wconf 85' lang='lat' dir='ltr'>continere</span> <span class='ocrx_word' id='word_1_214' title='bbox 918 2351 1052 2405; x_wconf 89' lang='lat' dir='ltr'>pedes</span> <span class='ocrx_word' id='word_1_215' title='bbox 1093 2352 1259 2395; x_wconf 87' lang='lat' dir='ltr'>solutos</span> <span class='ocrx_word' id='word_1_216' title='bbox 1300 2351 1515 2395; x_wconf 89' lang='lat' dir='ltr'>neminem</span> <span class='ocrx_word' id='word_1_217' title='bbox 1555 2363 1681 2406; x_wconf 91' lang='lat' dir='ltr'>spero</span> <span class='ocrx_word' id='word_1_218' title='bbox 1733 2364 1832 2394; x_wconf 87' lang='lat' dir='ltr'>esse</span> 
     </span>
     <span class='ocr_line' id='line_1_29' title="bbox 133 2418 1833 2476; baseline 0.003 -15"><span class='ocrx_word' id='word_1_219' title='bbox 133 2418 206 2473; x_wconf 87' lang='lat' dir='ltr'>qui</span> <span class='ocrx_word' id='word_1_220' title='bbox 251 2421 499 2474; x_wconf 84' lang='lat' dir='ltr'>exspectet3</span> <span class='ocrx_word' id='word_1_221' title='bbox 544 2421 670 2464; x_wconf 90' lang='lat' dir='ltr'>immo</span> <span class='ocrx_word' id='word_1_222' title='bbox 717 2422 845 2476; x_wconf 88' lang='lat' dir='ltr'>pauci</span> <span class='ocrx_word' id='word_1_223' title='bbox 888 2435 1044 2467; x_wconf 87' lang='lat' dir='ltr'>versus</span> <span class='ocrx_word' id='word_1_224' title='bbox 1089 2423 1337 2467; x_wconf 89' lang='lat' dir='ltr'>indissoluti</span> <span class='ocrx_word' id='word_1_225' title='bbox 1382 2423 1625 2476; x_wconf 88' lang='lat' dir='ltr'>sufficiunt,</span> <span class='ocrx_word' id='word_1_226' title='bbox 1678 2423 1833 2476; x_wconf 90' lang='lat' dir='ltr'>quibus</span> 
     </span>
     <span class='ocr_line' id='line_1_30' title="bbox 131 2490 1833 2550; baseline 0.002 -16"><span class='ocrx_word' id='word_1_227' title='bbox 131 2490 314 2545; x_wconf 87' lang='lat' dir='ltr'>parodia</span> <span class='ocrx_word' id='word_1_228' title='bbox 341 2490 568 2536; x_wconf 88' lang='lat' dir='ltr'>indicetur.</span> <span class='ocrx_word' id='word_1_229' title='bbox 627 2493 783 2547; x_wconf 88' lang='lat' dir='ltr'>Itaque</span> <span class='ocrx_word' id='word_1_230' title='bbox 813 2493 911 2538; x_wconf 92' lang='lat' dir='ltr'>illos</span> <span class='ocrx_word' id='word_1_231' title='bbox 943 2494 1080 2538; x_wconf 88' lang='lat' dir='ltr'>solum</span> <span class='ocrx_word' id='word_1_232' title='bbox 1118 2507 1141 2538; x_wconf 86' lang='lat' dir='ltr'>e</span> <span class='ocrx_word' id='word_1_233' title='bbox 1173 2494 1356 2550; x_wconf 89' lang='lat' dir='ltr'>singulis</span> <span class='ocrx_word' id='word_1_234' title='bbox 1396 2494 1570 2539; x_wconf 85' lang='lat' dir='ltr'>fabulas</span> <span class='ocrx_word' id='word_1_235' title='bbox 1608 2494 1833 2549; x_wconf 85' lang='lat' dir='ltr'>eligamus.</span> 
     </span>
    </p>
   </div>
   <div class='ocr_carea' id='block_1_4' title="bbox 274 2620 1154 2744">
    <p class='ocr_par' dir='ltr' id='par_1_9' title="bbox 274 2620 1154 2744">
     <span class='ocr_line' id='line_1_31' title="bbox 811 2620 1154 2668; baseline 0.006 -2"><span class='ocrx_word' id='word_1_236' title='bbox 811 2620 1154 2668; x_wconf 75' lang='lat' dir='ltr'>Achai-nenses,</span> 
     </span>
     <span class='ocr_line' id='line_1_32' title="bbox 274 2687 1054 2744; baseline 0.003 -12"><span class='ocrx_word' id='word_1_237' title='bbox 274 2688 434 2744; x_wconf 90' lang='lat' dir='ltr'>Incipit</span> <span class='ocrx_word' id='word_1_238' title='bbox 464 2687 689 2744; x_wconf 77' lang='grc' dir='ltr'><strong><em>ἐξάγγελος</em></strong></span> <span class='ocrx_word' id='word_1_239' title='bbox 718 2703 745 2733; x_wconf 88' lang='lat' dir='ltr'>a</span> <span class='ocrx_word' id='word_1_240' title='bbox 775 2703 908 2735; x_wconf 89' lang='lat' dir='ltr'>versu</span> <span class='ocrx_word' id='word_1_241' title='bbox 938 2690 1054 2734; x_wconf 85' lang='lat'>1174</span> 
     </span>
    </p>
   </div>
   <div class='ocr_carea' id='block_1_5' title="bbox 347 2755 1426 2819">
    <p class='ocr_par' dir='ltr' id='par_1_10' title="bbox 347 2755 1426 2819">
     <span class='ocr_line' id='line_1_33' title="bbox 347 2755 1426 2819; baseline 0.006 -18"><span class='ocrx_word' id='word_1_242' title='bbox 347 2755 381 2801; x_wconf 71' lang='grc' dir='ltr'><em>ὦ</em></span> <span class='ocrx_word' id='word_1_243' title='bbox 411 2761 552 2814; x_wconf 79' lang='grc' dir='ltr'><strong><em>δμῶες</em></strong></span> <span class='ocrx_word' id='word_1_244' title='bbox 584 2760 630 2803; x_wconf 84' lang='grc' dir='ltr'>οἳ</span> <span class='ocrx_word' id='word_1_245' title='bbox 655 2761 748 2803; x_wconf 78' lang='grc' dir='ltr'><strong><em>κατ’</em></strong></span> <span class='ocrx_word' id='word_1_246' title='bbox 782 2756 902 2804; x_wconf 76' lang='grc' dir='ltr'><strong><em>οἶκόν</em></strong></span> <span class='ocrx_word' id='word_1_247' title='bbox 932 2761 1034 2803; x_wconf 78' lang='grc' dir='ltr'><strong><em>ἔστε</em></strong></span> <span class='ocrx_word' id='word_1_248' title='bbox 1064 2762 1288 2816; x_wconf 75' lang='grc' dir='ltr'><strong><em>Λαμάχου</em></strong></span> <span class='ocrx_word' id='word_1_249' title='bbox 1312 2798 1320 2807; x_wconf 96' lang='grc'><strong><em>.</em></strong></span> <span class='ocrx_word' id='word_1_250' title='bbox 1344 2798 1353 2807; x_wconf 91' lang='grc'><em>.</em></span> <span class='ocrx_word' id='word_1_251' title='bbox 1377 2762 1426 2819; x_wconf 74' lang='grc'>,1)</span> 
     </span>
    </p>
   </div>
   <div class='ocr_carea' id='block_1_6' title="bbox 137 2845 417 2849">
    <p class='ocr_par' dir='ltr' id='par_1_11' title="bbox 137 2845 417 2849">
     <span class='ocr_line' id='line_1_34' title="bbox 137 2845 417 2849; baseline 0 0"><span class='ocrx_word' id='word_1_252' title='bbox 137 2845 417 2849; x_wconf 95' lang='lat' dir='ltr'> </span> 
     </span>
    </p>
   </div>
   <div class='ocr_carea' id='block_1_7' title="bbox 133 2874 1837 2975">
    <p class='ocr_par' dir='ltr' id='par_1_12' title="bbox 133 2874 1837 2975">
     <span class='ocr_line' id='line_1_35' title="bbox 279 2874 1837 2929; baseline 0.003 -13"><span class='ocrx_word' id='word_1_253' title='bbox 279 2879 314 2924; x_wconf 87' lang='grc'>1)</span> <span class='ocrx_word' id='word_1_254' title='bbox 347 2874 487 2928; x_wconf 82' lang='grc' dir='ltr'><strong><em>δμῶ’ς·</em></strong></span> <span class='ocrx_word' id='word_1_255' title='bbox 523 2880 628 2917; x_wconf 89' lang='lat' dir='ltr'>Haec</span> <span class='ocrx_word' id='word_1_256' title='bbox 663 2892 733 2917; x_wconf 84' lang='lat' dir='ltr'>vox</span> <span class='ocrx_word' id='word_1_257' title='bbox 769 2881 863 2927; x_wconf 83' lang='lat' dir='ltr'>epici</span> <span class='ocrx_word' id='word_1_258' title='bbox 898 2893 968 2918; x_wconf 89' lang='lat' dir='ltr'>nec</span> <span class='ocrx_word' id='word_1_259' title='bbox 1003 2893 1074 2918; x_wconf 89' lang='lat' dir='ltr'>non</span> <span class='ocrx_word' id='word_1_260' title='bbox 1110 2883 1246 2928; x_wconf 84' lang='lat' dir='ltr'>tragici</span> <span class='ocrx_word' id='word_1_261' title='bbox 1284 2884 1418 2920; x_wconf 82' lang='lat' dir='ltr'>coloris</span> <span class='ocrx_word' id='word_1_262' title='bbox 1456 2884 1495 2919; x_wconf 92' lang='lat' dir='ltr'>in</span> <span class='ocrx_word' id='word_1_263' title='bbox 1529 2896 1638 2929; x_wconf 84' lang='lat' dir='ltr'>prosa</span> <span class='ocrx_word' id='word_1_264' title='bbox 1674 2884 1837 2921; x_wconf 82' lang='lat' dir='ltr'>oratione</span> 
     </span>
     <span class='ocr_line' id='line_1_36' title="bbox 133 2938 627 2975; baseline 0.002 -1"><span class='ocrx_word' id='word_1_265' title='bbox 133 2939 278 2975; x_wconf 89' lang='lat' dir='ltr'>omnino</span> <span class='ocrx_word' id='word_1_266' title='bbox 303 2949 377 2975; x_wconf 92' lang='lat' dir='ltr'>non</span> <span class='ocrx_word' id='word_1_267' title='bbox 404 2938 534 2975; x_wconf 32' lang='lat' dir='ltr'>invusu</span> <span class='ocrx_word' id='word_1_268' title='bbox 560 2942 627 2975; x_wconf 88' lang='lat' dir='ltr'>est.</span> 
     </span>
    </p>
   </div>
   <div class='ocr_carea' id='block_1_8' title="bbox 0 2989 650 3404">
    <p class='ocr_par' dir='ltr' id='par_1_13' title="bbox 0 2989 650 3404">
     <span class='ocr_line' id='line_1_37' title="bbox 0 2989 650 3404; baseline 0 0"><span class='ocrx_word' id='word_1_269' title='bbox 0 2989 650 3404; x_wconf 95' lang='lat' dir='ltr'> </span> 
     </span>
    </p>
   </div>
  </div>
 </body>
</html>
