<?xml version="1.0" encoding="UTF-8"?>
<!DOCTYPE html PUBLIC "-//W3C//DTD XHTML 1.0 Transitional//EN"
    "http://www.w3.org/TR/xhtml1/DTD/xhtml1-transitional.dtd">
<html xmlns="http://www.w3.org/1999/xhtml" xml:lang="en" lang="en">
 <head>
  <title>
</title>
<meta http-equiv="Content-Type" content="text/html;charset=utf-8" />
  <meta name='ocr-system' content='tesseract 3.04.00' />
  <meta name='ocr-capabilities' content='ocr_page ocr_carea ocr_par ocr_line ocrx_word'/>
</head>
<body>
  <div class='ocr_page' id='page_1' title='image "./4626793_0013.png"; bbox 0 0 2053 3404; ppageno 0'>
   <div class='ocr_carea' id='block_1_1' title="bbox 72 946 1838 2658">
    <p class='ocr_par' dir='ltr' id='par_1_1' title="bbox 72 946 1837 2022">
     <span class='ocr_line' id='line_1_1' title="bbox 275 946 1835 1036; baseline -0.001 -18"><span class='ocrx_word' id='word_1_1' title='bbox 275 946 408 1036; x_wconf 83' lang='lat' dir='ltr'>Quid</span> <span class='ocrx_word' id='word_1_2' title='bbox 439 975 614 1019; x_wconf 89' lang='lat' dir='ltr'><strong>intersit</strong></span> <span class='ocrx_word' id='word_1_3' title='bbox 653 976 769 1018; x_wconf 90' lang='lat' dir='ltr'><strong>inter</strong></span> <span class='ocrx_word' id='word_1_4' title='bbox 812 977 970 1027; x_wconf 90' lang='lat' dir='ltr'><strong>artem,</strong></span> <span class='ocrx_word' id='word_1_5' title='bbox 1013 988 1097 1028; x_wconf 89' lang='lat' dir='ltr'><strong>qua</strong></span> <span class='ocrx_word' id='word_1_6' title='bbox 1137 975 1363 1024; x_wconf 87' lang='lat' dir='ltr'><strong>iambicum</strong></span> <span class='ocrx_word' id='word_1_7' title='bbox 1406 974 1648 1017; x_wconf 75' lang='lat' dir='ltr'><strong>trimetrum</strong></span> <span class='ocrx_word' id='word_1_8' title='bbox 1688 978 1835 1017; x_wconf 88' lang='lat' dir='ltr'><strong>acata-</strong></span> 
     </span>
     <span class='ocr_line' id='line_1_2' title="bbox 130 1046 1833 1100; baseline -0.001 -10"><span class='ocrx_word' id='word_1_9' title='bbox 130 1046 329 1090; x_wconf 91' lang='lat' dir='ltr'><strong>lecticum</strong></span> <span class='ocrx_word' id='word_1_10' title='bbox 364 1046 682 1100; x_wconf 82' lang='lat' dir='ltr'><strong>composuerint</strong></span> <span class='ocrx_word' id='word_1_11' title='bbox 712 1046 838 1100; x_wconf 91' lang='lat' dir='ltr'><strong>lyrici</strong></span> <span class='ocrx_word' id='word_1_12' title='bbox 868 1049 1036 1100; x_wconf 89' lang='lat' dir='ltr'><strong>poetae,</strong></span> <span class='ocrx_word' id='word_1_13' title='bbox 1068 1049 1113 1089; x_wconf 89' lang='lat' dir='ltr'><strong>et</strong></span> <span class='ocrx_word' id='word_1_14' title='bbox 1143 1046 1375 1098; x_wconf 77' lang='lat' dir='ltr'>licentiam,</span> <span class='ocrx_word' id='word_1_15' title='bbox 1419 1059 1546 1098; x_wconf 89' lang='lat' dir='ltr'><strong>quam</strong></span> <span class='ocrx_word' id='word_1_16' title='bbox 1578 1046 1661 1088; x_wconf 90' lang='lat' dir='ltr'><strong>sibi</strong></span> <span class='ocrx_word' id='word_1_17' title='bbox 1693 1059 1833 1099; x_wconf 90' lang='lat' dir='ltr'><strong>sump-</strong></span> 
     </span>
     <span class='ocr_line' id='line_1_3' title="bbox 131 1117 1834 1171; baseline -0.001 -10"><span class='ocrx_word' id='word_1_18' title='bbox 131 1118 270 1161; x_wconf 79' lang='lat' dir='ltr'>serint</span> <span class='ocrx_word' id='word_1_19' title='bbox 301 1117 462 1170; x_wconf 91' lang='lat' dir='ltr'><strong>comici,</strong></span> <span class='ocrx_word' id='word_1_20' title='bbox 495 1131 621 1170; x_wconf 88' lang='lat' dir='ltr'><strong>quam</strong></span> <span class='ocrx_word' id='word_1_21' title='bbox 653 1117 873 1160; x_wconf 81' lang='lat' dir='ltr'><strong>licentiam</strong></span> <span class='ocrx_word' id='word_1_22' title='bbox 904 1118 1134 1160; x_wconf 84' lang='lat' dir='ltr'><strong>maximam</strong></span> <span class='ocrx_word' id='word_1_23' title='bbox 1168 1117 1288 1160; x_wconf 90' lang='lat' dir='ltr'><strong>dicas</strong></span> <span class='ocrx_word' id='word_1_24' title='bbox 1311 1117 1348 1160; x_wconf 89' lang='lat' dir='ltr'><strong>si</strong></span> <span class='ocrx_word' id='word_1_25' title='bbox 1371 1117 1668 1160; x_wconf 83' lang='lat' dir='ltr'><strong>admirabilem</strong></span> <span class='ocrx_word' id='word_1_26' title='bbox 1689 1130 1834 1171; x_wconf 90' lang='lat' dir='ltr'><strong>respe-</strong></span> 
     </span>
     <span class='ocr_line' id='line_1_4' title="bbox 131 1188 1835 1243; baseline -0.001 -12"><span class='ocrx_word' id='word_1_27' title='bbox 131 1188 247 1232; x_wconf 87' lang='lat' dir='ltr'><strong>xeris</strong></span> <span class='ocrx_word' id='word_1_28' title='bbox 268 1189 517 1243; x_wconf 89' lang='lat' dir='ltr'><strong>regularum</strong></span> <span class='ocrx_word' id='word_1_29' title='bbox 548 1188 864 1231; x_wconf 74' lang='lat' dir='ltr'><strong>multitudinem</strong></span> <span class='ocrx_word' id='word_1_30' title='bbox 896 1190 1225 1232; x_wconf 86' lang='lat' dir='ltr'><strong>observatarum</strong></span> <span class='ocrx_word' id='word_1_31' title='bbox 1257 1189 1302 1230; x_wconf 92' lang='lat' dir='ltr'><strong>in</strong></span> <span class='ocrx_word' id='word_1_32' title='bbox 1323 1188 1531 1231; x_wconf 90' lang='lat' dir='ltr'><strong>trimetris</strong></span> <span class='ocrx_word' id='word_1_33' title='bbox 1558 1188 1835 1242; x_wconf 77' lang='lat' dir='ltr'><strong>tragicorum,</strong></span> 
     </span>
     <span class='ocr_line' id='line_1_5' title="bbox 131 1259 1835 1313; baseline -0.001 -10"><span class='ocrx_word' id='word_1_34' title='bbox 131 1273 186 1303; x_wconf 86' lang='lat' dir='ltr'><strong>ex</strong></span> <span class='ocrx_word' id='word_1_35' title='bbox 206 1260 412 1304; x_wconf 87' lang='lat' dir='ltr'><strong>Porsonis</strong></span> <span class='ocrx_word' id='word_1_36' title='bbox 438 1259 703 1313; x_wconf 84' lang='lat' dir='ltr'><strong>temporibus</strong></span> <span class='ocrx_word' id='word_1_37' title='bbox 735 1273 871 1313; x_wconf 91' lang='lat' dir='ltr'><strong>usque</strong></span> <span class='ocrx_word' id='word_1_38' title='bbox 904 1260 959 1303; x_wconf 91' lang='lat' dir='ltr'><strong>ad</strong></span> <span class='ocrx_word' id='word_1_39' title='bbox 980 1262 1174 1303; x_wconf 90' lang='lat' dir='ltr'><strong>nostram</strong></span> <span class='ocrx_word' id='word_1_40' title='bbox 1207 1262 1398 1302; x_wconf 89' lang='lat' dir='ltr'><strong>aetatem</strong></span> <span class='ocrx_word' id='word_1_41' title='bbox 1429 1260 1513 1303; x_wconf 87' lang='lat' dir='ltr'><strong>viri</strong></span> <span class='ocrx_word' id='word_1_42' title='bbox 1535 1260 1603 1302; x_wconf 92' lang='lat' dir='ltr'><strong>dd.</strong></span> <span class='ocrx_word' id='word_1_43' title='bbox 1627 1273 1835 1312; x_wconf 86' lang='lat' dir='ltr'><strong>quaerere</strong></span> 
     </span>
     <span class='ocr_line' id='line_1_6' title="bbox 132 1330 1834 1385; baseline -0.001 -11"><span class='ocrx_word' id='word_1_44' title='bbox 132 1344 184 1374; x_wconf 88' lang='lat' dir='ltr'><strong>ac</strong></span> <span class='ocrx_word' id='word_1_45' title='bbox 216 1331 515 1373; x_wconf 87' lang='lat' dir='ltr'><strong>demonstrare</strong></span> <span class='ocrx_word' id='word_1_46' title='bbox 546 1343 630 1372; x_wconf 90' lang='lat' dir='ltr'><strong>non</strong></span> <span class='ocrx_word' id='word_1_47' title='bbox 664 1333 766 1373; x_wconf 93' lang='lat' dir='ltr'><strong>sunt</strong></span> <span class='ocrx_word' id='word_1_48' title='bbox 797 1331 985 1385; x_wconf 87' lang='lat' dir='ltr'><strong>gravati,</strong></span> <span class='ocrx_word' id='word_1_49' title='bbox 1019 1333 1150 1384; x_wconf 87' lang='lat' dir='ltr'><strong>atque</strong></span> <span class='ocrx_word' id='word_1_50' title='bbox 1181 1330 1296 1373; x_wconf 90' lang='lat' dir='ltr'><strong>inter</strong></span> <span class='ocrx_word' id='word_1_51' title='bbox 1328 1331 1437 1374; x_wconf 90' lang='lat' dir='ltr'><strong>alios</strong></span> <span class='ocrx_word' id='word_1_52' title='bbox 1470 1331 1522 1373; x_wconf 93' lang='lat' dir='ltr'><strong>de</strong></span> <span class='ocrx_word' id='word_1_53' title='bbox 1549 1331 1834 1374; x_wconf 89' lang='lat' dir='ltr'><strong>usitatissimo</strong></span> 
     </span>
     <span class='ocr_line' id='line_1_7' title="bbox 131 1401 1834 1456; baseline 0 -12"><span class='ocrx_word' id='word_1_54' title='bbox 131 1401 204 1444; x_wconf 93' lang='lat' dir='ltr'><strong>illo</strong></span> <span class='ocrx_word' id='word_1_55' title='bbox 253 1402 368 1455; x_wconf 85' lang='lat' dir='ltr'><strong>apud</strong></span> <span class='ocrx_word' id='word_1_56' title='bbox 410 1401 608 1444; x_wconf 82' lang='lat' dir='ltr'><strong>Graecos</strong></span> <span class='ocrx_word' id='word_1_57' title='bbox 654 1414 857 1444; x_wconf 87' lang='lat' dir='ltr'><strong>versuum</strong></span> <span class='ocrx_word' id='word_1_58' title='bbox 904 1415 1064 1456; x_wconf 83' lang='lat' dir='ltr'><strong>genere</strong></span> <span class='ocrx_word' id='word_1_59' title='bbox 1111 1402 1269 1456; x_wconf 89' lang='lat' dir='ltr'><strong>optime</strong></span> <span class='ocrx_word' id='word_1_60' title='bbox 1316 1402 1459 1444; x_wconf 91' lang='lat' dir='ltr'><strong>meriti</strong></span> <span class='ocrx_word' id='word_1_61' title='bbox 1506 1405 1609 1445; x_wconf 89' lang='lat' dir='ltr'><strong>sunt</strong></span> <span class='ocrx_word' id='word_1_62' title='bbox 1655 1403 1834 1445; x_wconf 86' lang='lat' dir='ltr'><strong>Carolus</strong></span> 
     </span>
     <span class='ocr_line' id='line_1_8' title="bbox 131 1470 1837 1526; baseline 0.001 -12"><span class='ocrx_word' id='word_1_63' title='bbox 131 1472 381 1515; x_wconf 84' lang='lat' dir='ltr'><strong>Fridericus</strong></span> <span class='ocrx_word' id='word_1_64' title='bbox 403 1472 640 1514; x_wconf 88' lang='lat' dir='ltr'><strong>Muellerus</strong></span> <span class='ocrx_word' id='word_1_65' title='bbox 656 1470 690 1526; x_wconf 89' lang='lat' dir='ltr'><strong>l)</strong></span> <span class='ocrx_word' id='word_1_66' title='bbox 722 1485 802 1514; x_wconf 92' lang='lat' dir='ltr'><strong>nec</strong></span> <span class='ocrx_word' id='word_1_67' title='bbox 833 1485 919 1515; x_wconf 90' lang='lat' dir='ltr'><strong>non</strong></span> <span class='ocrx_word' id='word_1_68' title='bbox 940 1473 1158 1515; x_wconf 89' lang='lat' dir='ltr'><strong>Iohannes</strong></span> <span class='ocrx_word' id='word_1_69' title='bbox 1180 1470 1484 1526; x_wconf 81' lang='lat' dir='ltr'><strong>Rumpelius.2)</strong></span> <span class='ocrx_word' id='word_1_70' title='bbox 1536 1473 1837 1515; x_wconf 89' lang='lat' dir='ltr'><strong>Intentissima</strong></span> 
     </span>
     <span class='ocr_line' id='line_1_9' title="bbox 132 1542 1836 1599; baseline 0.001 -14"><span class='ocrx_word' id='word_1_71' title='bbox 132 1542 245 1585; x_wconf 91' lang='lat' dir='ltr'><strong>enim</strong></span> <span class='ocrx_word' id='word_1_72' title='bbox 287 1556 392 1585; x_wconf 92' lang='lat' dir='ltr'><strong>cura</strong></span> <span class='ocrx_word' id='word_1_73' title='bbox 431 1542 475 1585; x_wconf 88' lang='lat' dir='ltr'><strong>hi</strong></span> <span class='ocrx_word' id='word_1_74' title='bbox 516 1542 598 1586; x_wconf 87' lang='lat' dir='ltr'><strong>viri</strong></span> <span class='ocrx_word' id='word_1_75' title='bbox 640 1542 708 1585; x_wconf 93' lang='lat' dir='ltr'><strong>dd.</strong></span> <span class='ocrx_word' id='word_1_76' title='bbox 740 1543 1004 1597; x_wconf 87' lang='lat' dir='ltr'><strong>tragicorum</strong></span> <span class='ocrx_word' id='word_1_77' title='bbox 1036 1544 1278 1595; x_wconf 87' lang='lat' dir='ltr'><strong>trimetros,</strong></span> <span class='ocrx_word' id='word_1_78' title='bbox 1320 1543 1573 1597; x_wconf 90' lang='lat' dir='ltr'><strong>Rumpelius</strong></span> <span class='ocrx_word' id='word_1_79' title='bbox 1605 1544 1836 1599; x_wconf 85' lang='lat' dir='ltr'><strong>lyricorum</strong></span> 
     </span>
     <span class='ocr_line' id='line_1_10' title="bbox 132 1613 1836 1669; baseline 0.001 -13"><span class='ocrx_word' id='word_1_80' title='bbox 132 1616 177 1657; x_wconf 90' lang='lat' dir='ltr'><strong>et</strong></span> <span class='ocrx_word' id='word_1_81' title='bbox 228 1613 534 1668; x_wconf 88' lang='lat' dir='ltr'><strong>Aristophanis</strong></span> <span class='ocrx_word' id='word_1_82' title='bbox 588 1626 754 1666; x_wconf 89' lang='lat' dir='ltr'><strong>quoque</strong></span> <span class='ocrx_word' id='word_1_83' title='bbox 815 1627 968 1658; x_wconf 84' lang='lat' dir='ltr'><strong>versus</strong></span> <span class='ocrx_word' id='word_1_84' title='bbox 996 1649 1002 1656; x_wconf 67' lang='grc'>,</span> <span class='ocrx_word' id='word_1_85' title='bbox 1027 1614 1462 1669; x_wconf 88' lang='lat' dir='ltr'><strong>pervestigaverunt,</strong></span> <span class='ocrx_word' id='word_1_86' title='bbox 1525 1615 1836 1668; x_wconf 87' lang='lat' dir='ltr'><strong>quaesiverunt</strong></span> 
     </span>
     <span class='ocr_line' id='line_1_11' title="bbox 131 1685 1835 1740; baseline 0.001 -13"><span class='ocrx_word' id='word_1_87' title='bbox 131 1685 306 1740; x_wconf 87' lang='lat' dir='ltr'><strong>regulas</strong></span> <span class='ocrx_word' id='word_1_88' title='bbox 339 1685 674 1738; x_wconf 84' lang='lat' dir='ltr'><strong>exceptionesve</strong></span> <span class='ocrx_word' id='word_1_89' title='bbox 710 1685 935 1738; x_wconf 90' lang='lat' dir='ltr'><strong>metricas,</strong></span> <span class='ocrx_word' id='word_1_90' title='bbox 974 1688 1311 1729; x_wconf 86' lang='lat' dir='ltr'><strong>numeraverunt</strong></span> <span class='ocrx_word' id='word_1_91' title='bbox 1352 1686 1597 1729; x_wconf 82' lang='lat' dir='ltr'><strong>tribrachos</strong></span> <span class='ocrx_word' id='word_1_92' title='bbox 1636 1686 1835 1740; x_wconf 82' lang='lat' dir='ltr'><strong>dactylos</strong></span> 
     </span>
     <span class='ocr_line' id='line_1_12' title="bbox 133 1756 1835 1809; baseline 0 -11"><span class='ocrx_word' id='word_1_93' title='bbox 133 1759 409 1809; x_wconf 89' lang='lat' dir='ltr'><strong>anapaestos,</strong></span> <span class='ocrx_word' id='word_1_94' title='bbox 449 1756 710 1799; x_wconf 90' lang='lat' dir='ltr'><strong>invenerunt</strong></span> <span class='ocrx_word' id='word_1_95' title='bbox 750 1756 963 1798; x_wconf 86' lang='lat' dir='ltr'><strong>rationem</strong></span> <span class='ocrx_word' id='word_1_96' title='bbox 994 1757 1128 1798; x_wconf 91' lang='lat' dir='ltr'><strong>hanc:</strong></span> <span class='ocrx_word' id='word_1_97' title='bbox 1173 1756 1371 1809; x_wconf 86' lang='lat' dir='ltr'><strong>singulae</strong></span> <span class='ocrx_word' id='word_1_98' title='bbox 1408 1757 1559 1799; x_wconf 90' lang='lat' dir='ltr'><strong>insunt</strong></span> <span class='ocrx_word' id='word_1_99' title='bbox 1596 1757 1835 1799; x_wconf 87' lang='lat' dir='ltr'><strong>solutiones</strong></span> 
     </span>
     <span class='ocr_line' id='line_1_13' title="bbox 72 1825 1835 1881; baseline 0 -12"><span class='ocrx_word' id='word_1_100' title='bbox 72 1872 74 1874; x_wconf 69' lang='grc'>,</span> <span class='ocrx_word' id='word_1_101' title='bbox 131 1825 233 1881; x_wconf 90' lang='lat' dir='ltr'><strong>(quo</strong></span> <span class='ocrx_word' id='word_1_102' title='bbox 266 1826 437 1870; x_wconf 91' lang='lat' dir='ltr'><strong>nomine</strong></span> <span class='ocrx_word' id='word_1_103' title='bbox 468 1826 714 1869; x_wconf 83' lang='lat' dir='ltr'><strong>tribrachos</strong></span> <span class='ocrx_word' id='word_1_104' title='bbox 756 1827 1039 1880; x_wconf 89' lang='lat' dir='ltr'><strong>dactylosque</strong></span> <span class='ocrx_word' id='word_1_105' title='bbox 1078 1827 1445 1880; x_wconf 90' lang='lat' dir='ltr'><strong>comprehendunt</strong></span> <span class='ocrx_word' id='word_1_106' title='bbox 1481 1827 1526 1869; x_wconf 92' lang='lat' dir='ltr'><strong>hi</strong></span> <span class='ocrx_word' id='word_1_107' title='bbox 1557 1827 1640 1870; x_wconf 88' lang='lat' dir='ltr'><strong>viri</strong></span> <span class='ocrx_word' id='word_1_108' title='bbox 1667 1826 1758 1881; x_wconf 89' lang='lat' dir='ltr'><strong>dd.)</strong></span> <span class='ocrx_word' id='word_1_109' title='bbox 1790 1827 1835 1869; x_wconf 93' lang='lat' dir='ltr'><strong>in</strong></span> 
     </span>
     <span class='ocr_line' id='line_1_14' title="bbox 130 1896 1835 1951; baseline 0 -13"><span class='ocrx_word' id='word_1_110' title='bbox 130 1896 364 1950; x_wconf 85' lang='lat' dir='ltr'><strong>lyricorum</strong></span> <span class='ocrx_word' id='word_1_111' title='bbox 393 1896 592 1940; x_wconf 88' lang='lat' dir='ltr'><strong>versibus</strong></span> <span class='ocrx_word' id='word_1_112' title='bbox 616 1896 802 1947; x_wconf 90' lang='grc'>17-18,</span> <span class='ocrx_word' id='word_1_113' title='bbox 833 1897 878 1939; x_wconf 92' lang='lat' dir='ltr'><strong>in</strong></span> <span class='ocrx_word' id='word_1_114' title='bbox 911 1896 1134 1950; x_wconf 87' lang='lat' dir='ltr'><strong>Sophoclis</strong></span> <span class='ocrx_word' id='word_1_115' title='bbox 1166 1911 1237 1940; x_wconf 87' lang='lat' dir='ltr'><strong>vv.</strong></span> <span class='ocrx_word' id='word_1_116' title='bbox 1260 1896 1327 1948; x_wconf 86' lang='lat'><strong>16,</strong></span> <span class='ocrx_word' id='word_1_117' title='bbox 1358 1897 1403 1939; x_wconf 92' lang='lat' dir='ltr'><strong>in</strong></span> <span class='ocrx_word' id='word_1_118' title='bbox 1435 1898 1643 1951; x_wconf 85' lang='lat' dir='ltr'><strong>Aeschyli</strong></span> <span class='ocrx_word' id='word_1_119' title='bbox 1674 1910 1743 1939; x_wconf 88' lang='lat' dir='ltr'><strong>vv.</strong></span> <span class='ocrx_word' id='word_1_120' title='bbox 1769 1897 1835 1949; x_wconf 83' lang='lat'><strong>13,</strong></span> 
     </span>
     <span class='ocr_line' id='line_1_15' title="bbox 131 1965 1369 2022; baseline 0.002 -13"><span class='ocrx_word' id='word_1_121' title='bbox 131 1965 176 2010; x_wconf 93' lang='lat' dir='ltr'><strong>in</strong></span> <span class='ocrx_word' id='word_1_122' title='bbox 207 1966 428 2022; x_wconf 86' lang='lat' dir='ltr'><strong>Euripidis</strong></span> <span class='ocrx_word' id='word_1_123' title='bbox 460 1981 530 2011; x_wconf 86' lang='lat' dir='ltr'><strong>vv.</strong></span> <span class='ocrx_word' id='word_1_124' title='bbox 563 1966 690 2019; x_wconf 52' lang='lat'><strong>405,</strong></span> <span class='ocrx_word' id='word_1_125' title='bbox 722 1967 764 2010; x_wconf 89' lang='lat' dir='ltr'><strong>in</strong></span> <span class='ocrx_word' id='word_1_126' title='bbox 799 1967 1105 2022; x_wconf 88' lang='lat' dir='ltr'><strong>Aristophanis</strong></span> <span class='ocrx_word' id='word_1_127' title='bbox 1137 1982 1206 2012; x_wconf 88' lang='lat' dir='ltr'><strong>vv.</strong></span> <span class='ocrx_word' id='word_1_128' title='bbox 1240 1968 1369 2011; x_wconf 80' lang='lat'><strong>2—3.</strong></span> 
     </span>
    </p>

    <p class='ocr_par' dir='ltr' id='par_1_2' title="bbox 129 2039 1838 2518">
     <span class='ocr_line' id='line_1_16' title="bbox 274 2039 1836 2093; baseline 0 -11"><span class='ocrx_word' id='word_1_129' title='bbox 274 2039 458 2082; x_wconf 89' lang='lat' dir='ltr'><strong>Accedit</strong></span> <span class='ocrx_word' id='word_1_130' title='bbox 488 2051 615 2092; x_wconf 91' lang='lat' dir='ltr'><strong>vero,</strong></span> <span class='ocrx_word' id='word_1_131' title='bbox 658 2039 771 2092; x_wconf 89' lang='lat' dir='ltr'><strong>quod</strong></span> <span class='ocrx_word' id='word_1_132' title='bbox 813 2039 972 2082; x_wconf 87' lang='lat' dir='ltr'><strong>attinet</strong></span> <span class='ocrx_word' id='word_1_133' title='bbox 1011 2040 1066 2082; x_wconf 90' lang='lat' dir='ltr'><strong>ad</strong></span> <span class='ocrx_word' id='word_1_134' title='bbox 1097 2039 1457 2093; x_wconf 89' lang='lat' dir='ltr'><strong>Aristophanem,</strong></span> <span class='ocrx_word' id='word_1_135' title='bbox 1501 2043 1836 2093; x_wconf 88' lang='lat' dir='ltr'><strong>anapaestorum</strong></span> 
     </span>
     <span class='ocr_line' id='line_1_17' title="bbox 133 2110 1835 2165; baseline 0.001 -13"><span class='ocrx_word' id='word_1_136' title='bbox 133 2123 239 2163; x_wconf 91' lang='lat' dir='ltr'><strong>quos</strong></span> <span class='ocrx_word' id='word_1_137' title='bbox 283 2110 469 2164; x_wconf 88' lang='lat' dir='ltr'><strong>cyclicos</strong></span> <span class='ocrx_word' id='word_1_138' title='bbox 511 2110 732 2152; x_wconf 89' lang='lat' dir='ltr'><strong>nominare</strong></span> <span class='ocrx_word' id='word_1_139' title='bbox 774 2111 937 2164; x_wconf 86' lang='lat' dir='ltr'><strong>placuit</strong></span> <span class='ocrx_word' id='word_1_140' title='bbox 979 2111 1085 2153; x_wconf 88' lang='lat' dir='ltr'><strong>viris</strong></span> <span class='ocrx_word' id='word_1_141' title='bbox 1128 2112 1196 2153; x_wconf 91' lang='lat' dir='ltr'><strong>dd.</strong></span> <span class='ocrx_word' id='word_1_142' title='bbox 1237 2112 1363 2165; x_wconf 88' lang='lat' dir='ltr'><strong>larga</strong></span> <span class='ocrx_word' id='word_1_143' title='bbox 1404 2111 1656 2164; x_wconf 87' lang='lat' dir='ltr'><strong>multitudo,</strong></span> <span class='ocrx_word' id='word_1_144' title='bbox 1703 2115 1751 2153; x_wconf 93' lang='lat' dir='ltr'><strong>ut</strong></span> <span class='ocrx_word' id='word_1_145' title='bbox 1793 2112 1835 2153; x_wconf 89' lang='lat' dir='ltr'><strong>in</strong></span> 
     </span>
     <span class='ocr_line' id='line_1_18' title="bbox 131 2180 1836 2235; baseline -0.001 -11"><span class='ocrx_word' id='word_1_146' title='bbox 131 2181 425 2235; x_wconf 88' lang='lat' dir='ltr'><strong>Aristophane</strong></span> <span class='ocrx_word' id='word_1_147' title='bbox 457 2182 566 2224; x_wconf 92' lang='lat' dir='ltr'><strong>haec</strong></span> <span class='ocrx_word' id='word_1_148' title='bbox 597 2180 740 2233; x_wconf 89' lang='lat' dir='ltr'><strong>potius</strong></span> <span class='ocrx_word' id='word_1_149' title='bbox 772 2181 884 2223; x_wconf 91' lang='lat' dir='ltr'><strong>ratio</strong></span> <span class='ocrx_word' id='word_1_150' title='bbox 927 2181 983 2223; x_wconf 88' lang='lat' dir='ltr'><strong>sit</strong></span> <span class='ocrx_word' id='word_1_151' title='bbox 1015 2181 1307 2223; x_wconf 87' lang='lat' dir='ltr'><strong>instituenda:</strong></span> <span class='ocrx_word' id='word_1_152' title='bbox 1347 2182 1497 2223; x_wconf 88' lang='lat' dir='ltr'><strong>insunt</strong></span> <span class='ocrx_word' id='word_1_153' title='bbox 1536 2182 1580 2223; x_wconf 90' lang='lat' dir='ltr'><strong>in</strong></span> <span class='ocrx_word' id='word_1_154' title='bbox 1612 2182 1728 2223; x_wconf 91' lang='grc'>8188</span> <span class='ocrx_word' id='word_1_155' title='bbox 1762 2182 1836 2223; x_wconf 87' lang='lat' dir='ltr'><strong>tri-</strong></span> 
     </span>
     <span class='ocr_line' id='line_1_19' title="bbox 132 2251 1838 2305; baseline 0.001 -11"><span class='ocrx_word' id='word_1_156' title='bbox 132 2252 282 2295; x_wconf 91' lang='lat' dir='ltr'><strong>metris</strong></span> <span class='ocrx_word' id='word_1_157' title='bbox 314 2251 522 2303; x_wconf 87' lang='lat' dir='ltr'><strong>iambicis,</strong></span> <span class='ocrx_word' id='word_1_158' title='bbox 555 2251 627 2304; x_wconf 87' lang='lat' dir='ltr'><strong>qui</strong></span> <span class='ocrx_word' id='word_1_159' title='bbox 649 2253 825 2294; x_wconf 88' lang='lat' dir='ltr'><strong>exstant</strong></span> <span class='ocrx_word' id='word_1_160' title='bbox 857 2251 901 2293; x_wconf 93' lang='lat' dir='ltr'><strong>in</strong></span> <span class='ocrx_word' id='word_1_161' title='bbox 933 2251 1095 2294; x_wconf 88' lang='lat' dir='ltr'><strong>fabulis</strong></span> <span class='ocrx_word' id='word_1_162' title='bbox 1117 2251 1451 2305; x_wconf 90' lang='lat' dir='ltr'><strong>Aristophaneis</strong></span> <span class='ocrx_word' id='word_1_163' title='bbox 1483 2252 1608 2295; x_wconf 89' lang='lat' dir='ltr'><strong>nobis</strong></span> <span class='ocrx_word' id='word_1_164' title='bbox 1636 2253 1838 2304; x_wconf 86' lang='lat' dir='ltr'><strong>servatis,</strong></span> 
     </span>
     <span class='ocr_line' id='line_1_20' title="bbox 132 2322 1838 2377; baseline 0 -12"><span class='ocrx_word' id='word_1_165' title='bbox 132 2324 180 2365; x_wconf 84' lang='lat' dir='ltr'><strong>ut</strong></span> <span class='ocrx_word' id='word_1_166' title='bbox 211 2325 312 2365; x_wconf 87' lang='lat' dir='ltr'><strong>utar</strong></span> <span class='ocrx_word' id='word_1_167' title='bbox 344 2323 545 2375; x_wconf 89' lang='lat' dir='ltr'><strong>numeris,</strong></span> <span class='ocrx_word' id='word_1_168' title='bbox 578 2335 684 2376; x_wconf 90' lang='lat' dir='ltr'><strong>quos</strong></span> <span class='ocrx_word' id='word_1_169' title='bbox 717 2322 843 2365; x_wconf 75' lang='lat' dir='ltr'><strong>offert</strong></span> <span class='ocrx_word' id='word_1_170' title='bbox 870 2323 1121 2377; x_wconf 85' lang='lat' dir='ltr'><strong>Rumpelius</strong></span> <span class='ocrx_word' id='word_1_171' title='bbox 1152 2324 1179 2365; x_wconf 95' lang='grc'><strong>1.</strong></span> <span class='ocrx_word' id='word_1_172' title='bbox 1201 2323 1239 2375; x_wconf 91' lang='grc'><strong>1.,</strong></span> <span class='ocrx_word' id='word_1_173' title='bbox 1271 2323 1481 2365; x_wconf 90' lang='lat' dir='ltr'><strong>tribrachi</strong></span> <span class='ocrx_word' id='word_1_174' title='bbox 1513 2322 1641 2375; x_wconf 80' lang='lat'><strong>2625,</strong></span> <span class='ocrx_word' id='word_1_175' title='bbox 1674 2323 1838 2377; x_wconf 89' lang='lat' dir='ltr'><strong>dactyli</strong></span> 
     </span>
     <span class='ocr_line' id='line_1_21' title="bbox 133 2390 1835 2447; baseline 0.001 -12"><span class='ocrx_word' id='word_1_176' title='bbox 133 2391 269 2446; x_wconf 83' lang='lat'><strong>1465,</strong></span> <span class='ocrx_word' id='word_1_177' title='bbox 315 2393 544 2447; x_wconf 86' lang='lat' dir='ltr'><strong>anapaesti</strong></span> <span class='ocrx_word' id='word_1_178' title='bbox 590 2390 705 2436; x_wconf 84' lang='lat'>3779</span> <span class='ocrx_word' id='word_1_179' title='bbox 753 2405 951 2447; x_wconf 83' lang='lat' dir='ltr'><strong>numer03</strong></span> <span class='ocrx_word' id='word_1_180' title='bbox 999 2393 1237 2436; x_wconf 88' lang='lat' dir='ltr'><strong>solutiones</strong></span> <span class='ocrx_word' id='word_1_181' title='bbox 1283 2393 1418 2447; x_wconf 91' lang='lat' dir='ltr'><strong>igitur</strong></span> <span class='ocrx_word' id='word_1_182' title='bbox 1460 2393 1587 2436; x_wconf 89' lang='lat' dir='ltr'><strong>metri</strong></span> <span class='ocrx_word' id='word_1_183' title='bbox 1630 2391 1743 2435; x_wconf 87' lang='grc'>7869</span> <span class='ocrx_word' id='word_1_184' title='bbox 1792 2394 1835 2436; x_wconf 93' lang='lat' dir='ltr'><strong>in</strong></span> 
     </span>
     <span class='ocr_line' id='line_1_22' title="bbox 129 2461 1297 2518; baseline -0.001 -11"><span class='ocrx_word' id='word_1_185' title='bbox 129 2463 330 2507; x_wconf 88' lang='lat' dir='ltr'><strong>versibus</strong></span> <span class='ocrx_word' id='word_1_186' title='bbox 363 2461 491 2516; x_wconf 88' lang='grc'>8188,</span> <span class='ocrx_word' id='word_1_187' title='bbox 523 2463 722 2518; x_wconf 86' lang='lat' dir='ltr'><strong>singulae</strong></span> <span class='ocrx_word' id='word_1_188' title='bbox 753 2463 799 2506; x_wconf 91' lang='lat' dir='ltr'><strong>in</strong></span> <span class='ocrx_word' id='word_1_189' title='bbox 829 2463 1029 2507; x_wconf 87' lang='lat' dir='ltr'><strong>versibus</strong></span> <span class='ocrx_word' id='word_1_190' title='bbox 1062 2461 1159 2516; x_wconf 84' lang='lat'><strong>1,04</strong></span> <span class='ocrx_word' id='word_1_191' title='bbox 1191 2462 1297 2506; x_wconf 87' lang='lat' dir='ltr'><strong>fere.</strong></span> 
     </span>
    </p>

    <p class='ocr_par' dir='ltr' id='par_1_3' title="bbox 131 2532 1838 2658">
     <span class='ocr_line' id='line_1_23' title="bbox 272 2532 1838 2587; baseline 0 -12"><span class='ocrx_word' id='word_1_192' title='bbox 272 2533 442 2577; x_wconf 88' lang='lat' dir='ltr'><strong>Paucos</strong></span> <span class='ocrx_word' id='word_1_193' title='bbox 475 2535 650 2577; x_wconf 85' lang='lat' dir='ltr'><strong>exstare</strong></span> <span class='ocrx_word' id='word_1_194' title='bbox 682 2546 837 2576; x_wconf 87' lang='lat' dir='ltr'><strong>versus</strong></span> <span class='ocrx_word' id='word_1_195' title='bbox 868 2532 1236 2587; x_wconf 79' lang='lat' dir='ltr'><strong>AristophaneOS,</strong></span> <span class='ocrx_word' id='word_1_196' title='bbox 1279 2533 1350 2587; x_wconf 89' lang='lat' dir='ltr'><strong>qui</strong></span> <span class='ocrx_word' id='word_1_197' title='bbox 1381 2534 1544 2576; x_wconf 90' lang='lat' dir='ltr'><strong>nullum</strong></span> <span class='ocrx_word' id='word_1_198' title='bbox 1585 2532 1838 2575; x_wconf 90' lang='lat' dir='ltr'><strong>contineant</strong></span> 
     </span>
     <span class='ocr_line' id='line_1_24' title="bbox 131 2602 1837 2658; baseline 0 -13"><span class='ocrx_word' id='word_1_199' title='bbox 131 2603 283 2657; x_wconf 89' lang='lat' dir='ltr'><strong>pedem</strong></span> <span class='ocrx_word' id='word_1_200' title='bbox 315 2603 514 2656; x_wconf 88' lang='lat' dir='ltr'><strong>solutum,</strong></span> <span class='ocrx_word' id='word_1_201' title='bbox 556 2616 611 2646; x_wconf 85' lang='lat' dir='ltr'><strong>ex</strong></span> <span class='ocrx_word' id='word_1_202' title='bbox 641 2604 723 2645; x_wconf 86' lang='lat' dir='ltr'><strong>hac</strong></span> <span class='ocrx_word' id='word_1_203' title='bbox 754 2602 924 2646; x_wconf 88' lang='lat' dir='ltr'><strong>ratione</strong></span> <span class='ocrx_word' id='word_1_204' title='bbox 956 2603 1066 2646; x_wconf 85' lang='lat' dir='ltr'><strong>satis</strong></span> <span class='ocrx_word' id='word_1_205' title='bbox 1099 2615 1314 2658; x_wconf 90' lang='lat' dir='ltr'><strong>superque</strong></span> <span class='ocrx_word' id='word_1_206' title='bbox 1347 2605 1541 2658; x_wconf 79' lang='lat' dir='ltr'><strong>apparet,</strong></span> <span class='ocrx_word' id='word_1_207' title='bbox 1602 2603 1754 2646; x_wconf 87' lang='lat' dir='ltr'><strong>Nonne</strong></span> <span class='ocrx_word' id='word_1_208' title='bbox 1787 2615 1837 2645; x_wconf 91' lang='lat' dir='ltr'><strong>eo</strong></span> 
     </span>
    </p>
   </div>
   <div class='ocr_carea' id='block_1_2' title="bbox 132 2698 413 2702">
    <p class='ocr_par' dir='ltr' id='par_1_4' title="bbox 132 2698 413 2702">
     <span class='ocr_line' id='line_1_25' title="bbox 132 2698 413 2702; baseline 0 0"><span class='ocrx_word' id='word_1_209' title='bbox 132 2698 413 2702; x_wconf 95' lang='lat' dir='ltr'><strong> </strong></span> 
     </span>
    </p>
   </div>
   <div class='ocr_carea' id='block_1_3' title="bbox 128 2743 1837 3084">
    <p class='ocr_par' dir='ltr' id='par_1_5' title="bbox 130 2743 1836 2848">
     <span class='ocr_line' id='line_1_26' title="bbox 273 2743 1836 2790; baseline 0 -11"><span class='ocrx_word' id='word_1_210' title='bbox 273 2743 311 2787; x_wconf 90' lang='lat'><strong>1)</strong></span> <span class='ocrx_word' id='word_1_211' title='bbox 337 2745 374 2779; x_wconf 88' lang='lat' dir='ltr'><strong>C.</strong></span> <span class='ocrx_word' id='word_1_212' title='bbox 400 2744 442 2779; x_wconf 73' lang='lat'>1⁴¹.</span> <span class='ocrx_word' id='word_1_213' title='bbox 467 2745 640 2788; x_wconf 81' lang='lat' dir='ltr'><strong>Mueller,</strong></span> <span class='ocrx_word' id='word_1_214' title='bbox 679 2745 723 2779; x_wconf 88' lang='lat' dir='ltr'><strong>de</strong></span> <span class='ocrx_word' id='word_1_215' title='bbox 761 2744 912 2788; x_wconf 86' lang='lat' dir='ltr'><strong>pedibus</strong></span> <span class='ocrx_word' id='word_1_216' title='bbox 950 2745 1082 2780; x_wconf 85' lang='lat' dir='ltr'><strong>solutis</strong></span> <span class='ocrx_word' id='word_1_217' title='bbox 1119 2745 1158 2780; x_wconf 92' lang='lat' dir='ltr'><strong>in</strong></span> <span class='ocrx_word' id='word_1_218' title='bbox 1198 2746 1426 2790; x_wconf 83' lang='lat' dir='ltr'><strong>dialogorum</strong></span> <span class='ocrx_word' id='word_1_219' title='bbox 1464 2745 1617 2780; x_wconf 75' lang='lat' dir='ltr'><strong>senariis</strong></span> <span class='ocrx_word' id='word_1_220' title='bbox 1651 2745 1836 2788; x_wconf 85' lang='lat' dir='ltr'><strong>Aeschyli,</strong></span> 
     </span>
     <span class='ocr_line' id='line_1_27' title="bbox 130 2802 811 2848; baseline 0.001 -10"><span class='ocrx_word' id='word_1_221' title='bbox 130 2802 327 2847; x_wconf 83' lang='lat' dir='ltr'><strong>Sophoclis,</strong></span> <span class='ocrx_word' id='word_1_222' title='bbox 351 2802 536 2848; x_wconf 81' lang='lat' dir='ltr'><strong>Euripidis</strong></span> <span class='ocrx_word' id='word_1_223' title='bbox 562 2803 680 2839; x_wconf 89' lang='lat' dir='ltr'><strong>Berol.</strong></span> <span class='ocrx_word' id='word_1_224' title='bbox 709 2804 811 2839; x_wconf 87' lang='grc'>1866.</span> 
     </span>
    </p>

    <p class='ocr_par' dir='ltr' id='par_1_6' title="bbox 128 2861 1837 3084">
     <span class='ocr_line' id='line_1_28' title="bbox 272 2861 1836 2908; baseline 0.001 -12"><span class='ocrx_word' id='word_1_225' title='bbox 272 2862 310 2903; x_wconf 79' lang='lat'><strong>2)</strong></span> <span class='ocrx_word' id='word_1_226' title='bbox 334 2862 521 2897; x_wconf 65' lang='lat' dir='ltr'><strong>,Iohannes</strong></span> <span class='ocrx_word' id='word_1_227' title='bbox 545 2861 714 2906; x_wconf 85' lang='lat' dir='ltr'><strong>Rumpel,</strong></span> <span class='ocrx_word' id='word_1_228' title='bbox 738 2862 807 2897; x_wconf 90' lang='lat' dir='ltr'><strong>Die</strong></span> <span class='ocrx_word' id='word_1_229' title='bbox 834 2862 1082 2908; x_wconf 68' lang='lat' dir='ltr'><strong>auflosungen</strong></span> <span class='ocrx_word' id='word_1_230' title='bbox 1106 2863 1157 2898; x_wconf 91' lang='lat' dir='ltr'><strong>im</strong></span> <span class='ocrx_word' id='word_1_231' title='bbox 1180 2863 1348 2899; x_wconf 83' lang='lat' dir='ltr'><strong>trimeter</strong></span> <span class='ocrx_word' id='word_1_232' title='bbox 1373 2864 1434 2898; x_wconf 87' lang='lat' dir='ltr'><strong>des</strong></span> <span class='ocrx_word' id='word_1_233' title='bbox 1459 2863 1669 2908; x_wconf 84' lang='lat' dir='ltr'><strong>Euripides.</strong></span> <span class='ocrx_word' id='word_1_234' title='bbox 1707 2863 1836 2899; x_wconf 89' lang='lat' dir='ltr'><strong>Philol.</strong></span> 
     </span>
     <span class='ocr_line' id='line_1_29' title="bbox 128 2921 1837 2967; baseline 0.001 -12"><span class='ocrx_word' id='word_1_235' title='bbox 128 2924 216 2957; x_wconf 83' lang='lat' dir='ltr'><strong>tom.</strong></span> <span class='ocrx_word' id='word_1_236' title='bbox 239 2921 339 2957; x_wconf 85' lang='lat' dir='ltr'>XIV.</span> <span class='ocrx_word' id='word_1_237' title='bbox 363 2931 423 2965; x_wconf 75' lang='lat' dir='ltr'><strong>pg.</strong></span> <span class='ocrx_word' id='word_1_238' title='bbox 449 2922 519 2955; x_wconf 87' lang='lat'><strong>407</strong></span> <span class='ocrx_word' id='word_1_239' title='bbox 533 2932 600 2964; x_wconf 86' lang='lat' dir='ltr'><strong>ss.;</strong></span> <span class='ocrx_word' id='word_1_240' title='bbox 635 2921 705 2956; x_wconf 92' lang='lat' dir='ltr'><strong>Die</strong></span> <span class='ocrx_word' id='word_1_241' title='bbox 732 2922 982 2965; x_wconf 68' lang='lat' dir='ltr'><strong>nullosungen</strong></span> <span class='ocrx_word' id='word_1_242' title='bbox 1014 2922 1066 2956; x_wconf 91' lang='lat' dir='ltr'><strong>im</strong></span> <span class='ocrx_word' id='word_1_243' title='bbox 1089 2922 1259 2957; x_wconf 82' lang='lat' dir='ltr'><strong>trimeter</strong></span> <span class='ocrx_word' id='word_1_244' title='bbox 1286 2923 1350 2957; x_wconf 89' lang='lat' dir='ltr'><strong>des</strong></span> <span class='ocrx_word' id='word_1_245' title='bbox 1377 2922 1575 2967; x_wconf 85' lang='lat' dir='ltr'><strong>Aeschylus</strong></span> <span class='ocrx_word' id='word_1_246' title='bbox 1600 2923 1675 2957; x_wconf 89' lang='lat' dir='ltr'><strong>und</strong></span> <span class='ocrx_word' id='word_1_247' title='bbox 1701 2922 1837 2967; x_wconf 87' lang='lat' dir='ltr'><strong>Sopho-</strong></span> 
     </span>
     <span class='ocr_line' id='line_1_30' title="bbox 130 2979 1835 3026; baseline 0.001 -11"><span class='ocrx_word' id='word_1_248' title='bbox 130 2979 214 3015; x_wconf 84' lang='lat' dir='ltr'><strong>cles.</strong></span> <span class='ocrx_word' id='word_1_249' title='bbox 256 2979 385 3016; x_wconf 89' lang='lat' dir='ltr'><strong>Philol.</strong></span> <span class='ocrx_word' id='word_1_250' title='bbox 422 2983 509 3016; x_wconf 84' lang='lat' dir='ltr'><strong>tom.</strong></span> <span class='ocrx_word' id='word_1_251' title='bbox 541 2980 652 3016; x_wconf 90' lang='lat' dir='ltr'>XXV.</span> <span class='ocrx_word' id='word_1_252' title='bbox 689 2990 750 3025; x_wconf 80' lang='lat' dir='ltr'><strong>pg.</strong></span> <span class='ocrx_word' id='word_1_253' title='bbox 789 2982 834 3015; x_wconf 85' lang='lat'><strong>54</strong></span> <span class='ocrx_word' id='word_1_254' title='bbox 851 2991 917 3023; x_wconf 84' lang='lat' dir='ltr'><strong>ss.;</strong></span> <span class='ocrx_word' id='word_1_255' title='bbox 959 2981 1036 3016; x_wconf 90' lang='lat' dir='ltr'><strong>Der</strong></span> <span class='ocrx_word' id='word_1_256' title='bbox 1076 2982 1245 3016; x_wconf 84' lang='lat' dir='ltr'><strong>trimeter</strong></span> <span class='ocrx_word' id='word_1_257' title='bbox 1286 2982 1349 3017; x_wconf 85' lang='lat' dir='ltr'><strong>des</strong></span> <span class='ocrx_word' id='word_1_258' title='bbox 1387 2982 1663 3026; x_wconf 81' lang='lat' dir='ltr'><strong>Aristophanes.</strong></span> <span class='ocrx_word' id='word_1_259' title='bbox 1705 2982 1835 3017; x_wconf 89' lang='lat' dir='ltr'><strong>Philol.</strong></span> 
     </span>
     <span class='ocr_line' id='line_1_31' title="bbox 129 3036 660 3084; baseline 0.004 -11"><span class='ocrx_word' id='word_1_260' title='bbox 129 3039 215 3074; x_wconf 88' lang='lat' dir='ltr'><strong>tom.</strong></span> <span class='ocrx_word' id='word_1_261' title='bbox 241 3036 416 3075; x_wconf 88' lang='lat' dir='ltr'>XXVIII.</span> <span class='ocrx_word' id='word_1_262' title='bbox 442 3048 504 3084; x_wconf 83' lang='lat' dir='ltr'><strong>pg.</strong></span> <span class='ocrx_word' id='word_1_263' title='bbox 531 3038 601 3075; x_wconf 76' lang='lat'><strong>599</strong></span> <span class='ocrx_word' id='word_1_264' title='bbox 614 3049 660 3076; x_wconf 84' lang='lat' dir='ltr'><strong>ss.</strong></span> 
     </span>
    </p>
   </div>
  </div>
 </body>
</html>
