2053 3404
915 240 1206 286 -77-

207 375 499 428 indissolutis,
546 375 618 429 qui
663 374 792 418 meris
839 387 893 417 ex
932 372 1087 417 iambis
1136 370 1363 425 compositi
1404 367 1567 423 sunt,¹)
1613 372 1662 412 ut
1706 370 1910 425 graphice

210 446 448 501 depingant
479 446 804 490 festinationem
836 458 889 489 ac
919 443 1279 499 properationem.

352 529 565 584 Exempla
594 528 743 578 inveni
774 529 904 572 haec:

425 611 540 667 άτάρ
570 611 746 666 μέτειμί
771 609 807 665 γ’
838 609 996 651 αὐτὸν·
1028 606 1084 663 ἢν
1116 606 1166 649 δὲ
1196 607 1256 661 μὴ
1292 605 1408 662 θέλῃ
1430 640 1439 650 .
1462 640 1471 650 .
1494 639 1504 650 .
1535 606 1645 649 Nub.
1676 604 1754 648 801

425 680 604 726 ἄπελθε
633 682 809 725 τουτονὶ
839 679 1002 736 λαβών.
1034 717 1081 720 -
1112 678 1382 734 ἀπέρχομαι,
1416 712 1426 722 .
1449 712 1458 722 .
1481 711 1491 722 .
1534 678 1616 722 AV.
1648 675 1734 720 948

426 752 574 797 ἄπεισ’
604 749 800 801 ἕκαστος.
832 790 879 793 -
911 749 1006 791 ἀλλ’
1040 749 1172 803 ἴωμεν
1203 747 1260 797 ὥς
1289 747 1437 802 τάχος.
1534 749 1638 803 Lys.
1672 747 1785 791 1187

426 823 505 879 ἐγώ
537 824 588 866 δὲ
618 824 692 866 καὶ
724 823 780 865 σύ
810 821 845 877 γ’
878 822 933 870 ὥς
962 821 1158 875 τάχιστα
1188 818 1268 861 τὸν
1298 819 1412 861 θεὸν
1536 819 1650 863 Plut.
1683 816 1769 861 620

390 894 413 918 *
427 893 799 949 ἐγκατακλινοῦντ’
831 891 1002 948 ἄγωμεν
1033 889 1094 939 εἷς
1120 889 1393 947 Ἀσκληπίου.

425 964 628 1021 λάβεσθέ
656 979 758 1019 μου,
791 963 994 1018 λάβεσθε
1024 963 1104 1003 τοῦ
1138 959 1317 1010 σκέλους
1349 963 1515 1003 παπαῖ.
1537 962 1645 1005 Aah.
1678 959 1792 1003 1214

427 1036 499 1078 ὁδὶ
530 1036 581 1077 δὲ
610 1034 788 1083 καύτός·
822 1032 917 1075 ἀλλ’
950 1030 1096 1087 ἄνοιγε
1125 1032 1207 1088 τὴν
1238 1030 1400 1086 θύραν.
1538 1033 1644 1075 Ach.
1678 1030 1791 1074 1189

423 1108 632 1164 μαθητιῶ·
661 1105 757 1161 γάρ.
790 1103 886 1146 ἀλλ’
918 1101 1065 1158 ἄνοιγε
1095 1102 1176 1158 τὴν
1206 1102 1368 1158 θύραν.
1533 1103 1642 1147 Nub.
1677 1102 1761 1146 183

214 1178 268 1223 cf.
300 1191 370 1234 pg.
402 1177 471 1222 54.

427 1260 526 1313 ἐμοὶ
557 1259 607 1300 δὲ
640 1258 740 1314 δᾷδ’
773 1257 984 1312 ἐνεγκάτω
1015 1273 1079 1305 τις
1109 1257 1319 1313 ἡμμένην.
1536 1258 1644 1300 Nub.
1679 1256 1793 1299 1490

215 1332 269 1376 cf.
301 1346 372 1387 pg.
404 1331 472 1374 55.

426 1417 474 1455 τί
499 1428 575 1467 μοι
603 1413 1000 1468 μεταστρέφεσθες
1031 1413 1120 1452 ποῖ
1142 1412 1349 1466 βαδίζετε
1358 1427 1375 1462 ,·
1534 1412 1636 1466 LyS.
1671 1411 1755 1455 125

429 1478 538 1525 ὅσον
568 1481 620 1524 τὸ
653 1484 801 1537 χρῆμα
831 1481 1079 1537 παρνόπων
1110 1481 1416 1537 προσέρχεται.
1534 1482 1641 1525 Aah.
1676 1481 1759 1524 150

216 1555 270 1598 cf.
301 1567 372 1610 pg.
404 1553 473 1597 73.

923 1658 933 1668 .
955 1657 965 1668 .
988 1658 997 1667 .
1026 1623 1164 1678 μέγαν
1194 1623 1315 1665 πάνυ
1533 1625 1664 1679 Vesp.
1697 1623 1752 1667 16

428 1693 756 1752 ἀναρπάσαντα
786 1695 877 1743 τοῖς
910 1690 1058 1744 ὄνυξιν
1089 1692 1268 1736 ἀσπίδα

428 1767 578 1823 φέρειν
609 1800 618 1811 .
641 1800 652 1810 .
673 1799 683 1810 .

429 1836 603 1887 ’έδεισας
635 1831 788 1889 οὗτος,·
821 1836 871 1879 οὐ
905 1836 1181 1893 ξυναρπάσει
1210 1836 1353 1893 μέσην
1384 1871 1394 1882 .
1416 1871 1457 1882 ..
1533 1838 1638 1893 Lys.
1670 1836 1768 1881 437.

1047 2024 1087 2067 2.

359 2108 694 2164 Progrediamur
733 2108 777 2151 in
819 2107 1024 2151 taxandis
1065 2107 1286 2159 versibus,
1328 2106 1401 2160 qui
1433 2107 1611 2151 consilio
1648 2108 1819 2162 poetico
1851 2110 1922 2153 vel

217 2180 425 2235 graphico
457 2178 782 2233 elegantissime
814 2177 1037 2232 compositi
1069 2181 1191 2230 sunt,
1234 2180 1364 2231 atque
1395 2191 1510 2222 nunc
1541 2179 1713 2232 quidem
1743 2180 1846 2222 mihi
1876 2180 1922 2223 in

219 2251 360 2295 animo
382 2253 452 2294 est
473 2250 615 2294 dicere
637 2250 689 2293 de
710 2250 776 2303 iis,
809 2250 881 2304 qui
910 2249 1225 2293 blandientium
1245 2251 1382 2294 verba
1404 2251 1640 2294 continent.
1687 2252 1922 2295 Blanditiis

219 2326 350 2377 atque
383 2321 753 2366 assentationibus
786 2320 944 2375 optime
976 2322 1130 2376 aptare
1161 2321 1382 2365 trimetros
1415 2322 1643 2379 eleganter
1682 2336 1733 2367 ac
1763 2323 1923 2367 blande

219 2395 458 2438 defluentes
490 2406 575 2436 non
608 2395 692 2445 est,
734 2393 847 2445 quod
878 2393 1073 2446 pluribus
1106 2393 1329 2446 explicem,
1361 2407 1500 2446 neque
1531 2407 1631 2437 raro
1664 2395 1833 2447 evenit,
1876 2399 1924 2438 ut

220 2465 534 2520 Aristophanes
566 2463 773 2508 trimetris
805 2463 1133 2508 accuratissime
1175 2464 1417 2519 perpolitis
1442 2465 1682 2510 orationem
1719 2467 1923 2511 blandam

221 2536 567 2590 comprehendat.

434 2617 551 2674 πλὴν
581 2617 629 2659 ’ὲν
658 2617 813 2672 μόνον,
847 2618 969 2660 τουτὶ
997 2618 1140 2672 μόνον
1170 2619 1295 2661 τουτὶ
1324 2619 1464 2673 μόνον
1540 2621 1646 2665 Aah.
1678 2619 1764 2664 477

435 2689 649 2731 σκάνδικά
680 2703 756 2741 μοι
787 2687 864 2736 δὸς
892 2689 1123 2746 μητρόθεν
1154 2689 1422 2744 δεδεγμένος.

324 2917 327 2919 ,
366 2881 401 2925 1)
426 2880 516 2926 Egit
531 2880 575 2916 de
590 2879 766 2916 trimetris
780 2880 1070 2928 Aristophaneis,
1095 2883 1157 2926 qui
1173 2883 1285 2919 meris
1303 2894 1349 2919 ex
1365 2883 1493 2919 iambis
1510 2886 1689 2927 constant,
1713 2883 1925 2929 Rumpelius

222 2943 260 2979 in
286 2942 413 2979 Philol.
438 2943 535 2977 tomo
559 2941 616 2985 28,
640 2950 701 2985 pg.
727 2942 807 2979 601.
