2053 3404
864 278 920 286 -
984 250 1039 297 19
1102 277 1155 284 .-

923 370 1103 427 Plutus.

302 452 427 496 Cario
458 452 654 507 longiore
691 451 887 494 oratione
917 450 1078 502 refert,
1100 450 1327 503 vquomodo
1359 449 1646 503 Aesculapius
1687 451 1859 493 Plutum

160 535 336 568 caecum
377 521 614 567 sanaverit.
674 521 834 577 Incipit
873 520 1069 566 narratio
1107 534 1135 564 a
1164 519 1365 565 versibus
1397 517 1612 574 627s630‚
1654 518 1860 575 633s636,

161 593 260 647 638,
280 593 454 649 (versus
477 595 580 636 sunt
602 592 650 635 9:
680 592 830 636 indiss.
852 592 891 645 7,
921 594 1035 647 trag.
1051 590 1112 647 2),
1143 591 1413 635 concluditur
1434 590 1633 634 versibus
1655 590 1681 633 7
1685 589 1788 645 5417
1792 589 1860 642 63,

161 662 246 709 766
269 676 315 718 s,
347 660 434 707 770
464 661 638 721 (versus
670 664 773 707 sunt
805 661 882 707 13:
912 661 1062 706 indies
1096 660 1165 717 12,
1193 673 1301 711 com.
1334 660 1392 718 1).

300 873 563 917 Zielinskius
603 874 630 916 l.
661 875 688 916 l.
729 887 768 927 p.
800 872 886 916 292
909 886 966 916 ss.
1008 873 1061 916 de
1102 872 1311 915 trimetris
1360 871 1452 925 agit
1499 872 1627 914 choro
1673 871 1863 923 tributis,

162 946 215 989 de
246 944 401 999 quibus
431 944 556 989 nobis
597 957 765 998 quoque
805 944 850 988 in
890 945 974 988 hac
1013 944 1289 999 paragrapho
1330 936 1400 986 res
1433 942 1528 986 erit.
1590 942 1675 986 Sed
1709 941 1862 986 audias

161 1028 322 1071 lpsum:

378 1120 423 1140 „.
446 1121 455 1131 .
477 1120 487 1130 .
508 1087 587 1130 der
615 1086 838 1142 tragische
868 1086 1102 1139 Trimeter,
1144 1099 1229 1131 von
1268 1086 1425 1130 dessen
1455 1085 1668 1129 Existenz
1708 1084 1755 1128 in
1786 1084 1864 1127 der

374 1157 583 1202 Komodie
614 1157 762 1202 bisher
790 1157 934 1202 nichts
965 1159 1183 1203 vermutet
1214 1157 1390 1201 worden
1421 1156 1493 1210 ist,
1519 1190 1528 1199 .
1552 1190 1560 1200 .
1583 1190 1593 1200 .
1614 1155 1675 1199 ist
1694 1155 1865 1199 iiberall

375 1230 684 1282 anzunehmen,
716 1242 781 1273 wo
814 1230 891 1273 der
921 1229 1034 1273 Ohor
1063 1228 1274 1283 richtiger
1305 1228 1382 1272 der
1409 1227 1674 1271 Chorfiihrer
1703 1227 1749 1270 111
1769 1225 1863 1270 'I'ri—

289 1352 291 1354 ·
374 1300 541 1343 metern
571 1299 776 1354 spricht.“

162 1370 232 1412 Ad
261 1371 375 1413 hanc
406 1370 668 1414 sententiam
698 1371 1004 1417 illustrandam
1034 1383 1075 1414 v.
1107 1371 1146 1413 d.
1179 1383 1326 1413 omnes
1359 1369 1478 1412 chori
1508 1369 1751 1420 trimetros,
1794 1368 1866 1421 qui

162 1439 313 1484 insunt
341 1440 387 1484 in
412 1439 574 1486 fabulis
595 1440 941 1496 Aristophaneis,
971 1440 1113 1484 nullos
1145 1440 1305 1484 oblitus
1337 1439 1422 1483 nisi
1443 1440 1572 1495 Vesp.
1595 1453 1665 1484 vv.
1688 1437 1864 1494 1332s3‚

162 1513 387 1554 enumerat
418 1513 707 1565 accurateque
736 1514 1051 1565 perscrutatur,
1082 1524 1167 1553 non
1198 1524 1302 1555 vero
1334 1524 1431 1554 mea
1462 1511 1633 1563 quidem
1664 1510 1865 1563 opinione

162 1581 314 1635 efficit,
354 1583 405 1625 ut
433 1595 525 1626 rem
554 1583 721 1637 probet.
780 1583 943 1626 Multos
975 1581 1087 1626 em'm
1118 1595 1296 1635 versus,
1337 1581 1409 1635 qui
1441 1594 1527 1625 11011
1558 1585 1662 1625 sunt
1692 1579 1865 1636 tragici,

162 1653 291 1697 choro
324 1652 574 1697 abiudicare
606 1655 783 1698 coactus
814 1655 883 1698 est
915 1652 990 1710 (cf.
1011 1653 1039 1697 l.
1059 1652 1086 1697 1.
1118 1667 1157 1708 p.
1179 1651 1265 1696 294
1288 1652 1353 1709 s.),
1385 1653 1463 1697 sed
1493 1665 1548 1696 ne
1579 1653 1662 1696 hoc
1693 1651 1864 1706 quidem

162 1724 285 1767 modo
332 1737 479 1768 omnes
526 1728 796 1769 evanescunt
836 1738 991 1769 versus
1039 1724 1211 1778 comici,
1259 1737 1365 1777 quos
1407 1738 1483 1779 pro
1531 1724 1712 1779 tragicis
1758 1736 1863 1767 ven-

163 1794 276 1839 ditat
306 1796 413 1839 Ach.
444 1794 548 1848 557,
589 1795 759 1840 Eccles.
792 1794 918 1849 1134,
951 1790 1089 1849 1152,
1131 1808 1389 1849 quamquam
1419 1795 1513 1850 ipse
1545 1795 1730 1839 adnotat
1761 1807 1864 1838 ana-

162 1868 339 1919 paestos
370 1866 515 1910 inesse
546 1867 727 1920 pedibus
765 1867 953 1910 secundo
985 1867 1116 1910 tertio
1150 1866 1352 1922 quint0.1)
1413 1867 1532 1922 Ergo
1564 1867 1752 1921 probata
1781 1878 1867 1908 non

162 1938 242 1989 est,
272 1936 399 1980 immo
430 1938 628 1982 refutata
657 1924 882 1983 sententia⁸
909 1938 1014 1983 eius.
1440 1989 1443 1992 ,

303 2007 498 2051 Adduxit
527 2008 829 2061 Zielinskinm,
869 2011 921 2051 ‘ut
951 2010 1063 2053 hanc
1094 2009 1357 2053 sententiam
1389 2011 1626 2061 statueret,
1664 2020 1867 2052 versuum

161 2077 516 2120 indissolutorum
555 2081 674 2120 certe
715 2078 966 2131 multitudo,
1009 2079 1080 2132 qui
1112 2093 1139 2122 a
1170 2079 1289 2122 chori
1327 2079 1434 2122 duce
1465 2079 1720 2122 recitantur.
1783 2078 1866 2132 Qui

161 2159 265 2190 vero
296 2147 341 2190 ni
371 2146 502 2191 fallor
531 2148 664 2191 multo
695 2147 996 2203 simpliciorem
1024 2149 1287 2205 explicatum
1318 2149 1557 2194 admittunt
1588 2151 1720 2205 atque
1752 2162 1866 2193 nunc

80 2230 83 2232 ·
164 2216 334 2270 quidem
363 2217 461 2261 illos
493 2220 744 2272 tractemus,
776 2221 849 2273 qui
878 2221 1086 2275 parodiae
1115 2221 1371 2266 inserviunt.

843 2358 1187 2409 Acharnenses.

305 2427 350 2484 a)
381 2430 447 2473 De
479 2430 597 2473 chori
619 2431 818 2475 versibus
841 2429 977 2488 575]ss
1007 2432 1094 2476 iam
1116 2445 1249 2487 supra
1271 2432 1361 2475 dixi
1392 2431 1452 2488 (v.
1475 2446 1544 2487 pg.
1568 2431 1656 2487 13).
1698 2432 1865 2475 Eadem

164 2500 387 2554 elegantia
426 2500 653 2555 compositi
692 2503 815 2555 sunt,
856 2515 942 2556 qua
982 2516 1137 2548 versus
1177 2503 1385 2547 Lamachi
1428 2505 1505 2546 aut
1534 2502 1867 2557 Dicaeopolidis,

164 2583 265 2614 nam
295 2573 391 2615 tota
422 2584 584 2616 scaena
613 2572 836 2627 parodiam
866 2575 1081 2618 continet:
1148 2613 1151 2617 .

297 2640 345 2698 b)
376 2642 451 2684 καὶ
479 2642 568 2698 μὴν
599 2642 676 2686 ὁδί
702 2659 766 2692 τις
795 2644 876 2693 τὰς
907 2644 1045 2702 ὀφρῦς
1076 2645 1338 2694 ἀνεσπακὼς
1481 2647 1587 2690 Ach.
1622 2644 1735 2689 1069

379 2707 528 2768 ὥσπερ
559 2729 601 2756 τι
632 2714 779 2758 δεινὸν
811 2714 998 2771 ἀγγελῶν
1029 2715 1261 2772 ἐπείγεται.

311 2878 348 2925 1)
369 2879 487 2925 Fugit
509 2890 592 2938 011111
607 2880 693 2926 Lyn.
713 2882 806 2918 1220
836 2874 939 2930 ὑμῖν
958 2879 1254 2931 χαρίσασθαι.
1296 2882 1403 2919 Hunc
1426 2892 1571 2920 versum
1588 2884 1697 2920 choro
1715 2884 1866 2928 tribuit3

164 2937 263 2974 inest
286 2942 506 2984 anapaestus
530 2939 637 2984 pedis
661 2940 821 2978 secundi.
