2053 3404
920 262 1213 305 ..58-

212 393 395 435 Versum
426 389 512 433 769
545 392 600 434 ab
633 390 903 435 auditoribus
945 392 1151 435 memoria
1181 393 1323 437 teneri
1353 392 1511 444 voluit,
1556 391 1656 435 dum
1686 392 1920 446 pregressa

212 463 270 506 sit
301 462 440 506 oratio
472 475 609 516 usque
642 462 698 506 ad
729 475 904 506 versum
935 461 1019 506 781
1054 463 1327 508 simillimum.

353 545 441 587 Res
474 545 626 588 eadem
659 546 728 588 est
758 545 804 588 in
834 544 964 588 Pacis
996 545 1220 590 versibus:

424 629 552 685 δοίην
584 625 641 669 ἂν
672 627 825 670 αὐτοῖν
857 627 1055 683 ἰσχάδων
1085 631 1200 683 τρεῖς
1230 633 1434 683 χοίνικας.
1536 630 1636 673 Pac.
1669 628 1783 672 1217

426 697 503 741 οὐκ
534 696 591 741 ἂν
622 702 838 757 πριαίμην
870 698 964 743 οὐδ’
996 697 1052 743 ἄν
1084 698 1270 755 ἰσχάδος
1298 703 1415 755 μιᾶς.
1535 701 1635 744 Pac.
1670 698 1783 743 1223

352 936 439 980 Sed
469 936 579 980 haec
609 937 837 980 hactenus.
901 936 1130 981 Sufficiunt
1163 936 1208 979 ni
1239 935 1369 980 fallor
1400 936 1610 991 exempla,
1642 949 1752 990 (11136
1783 936 1921 980 multa

210 1009 350 1051 adhuc
380 1008 426 1050 in
458 1006 714 1050 comicorum
746 1009 956 1051 trimetris
989 1008 1175 1051 artificia
1194 1009 1336 1051 latere
1357 1008 1555 1050 doceant.
1607 1008 1742 1050 Simul
1773 1010 1918 1050 tamen

208 1078 270 1122 illi
303 1091 410 1133 quos
441 1077 565 1122 modo
598 1077 968 1124 consideravimus
1000 1092 1156 1123 versus
1197 1080 1430 1134 propterea
1471 1091 1639 1133 quoque
1680 1077 1918 1122 solutiones

210 1151 365 1204 vitant,
406 1152 454 1194 ut
492 1152 738 1206 augeantur
769 1151 964 1205 pondera
994 1151 1247 1195 verborum:
1290 1150 1441 1194 eadem
1474 1150 1527 1194 de
1560 1162 1695 1193 causa
1726 1163 1812 1204 qua
1842 1149 1917 1193 tri-

209 1222 335 1265 metri
376 1222 421 1265 in
460 1222 676 1276 capitibus
706 1223 740 1275 Ι,
771 1223 816 1266 II
848 1222 1029 1266 tractati
1071 1222 1270 1266 exactius
1313 1222 1462 1266 excusi
1503 1224 1617 1265 sunt.
1678 1222 1917 1277 Pergamus

209 1293 342 1348 igitur
373 1293 418 1336 in
450 1292 682 1337 afferendis
715 1293 923 1348 exemplis
956 1296 1001 1337 et
1030 1293 1351 1349 investigandis
1383 1293 1592 1337 artificiis,

1045 1447 1085 1492 2.

350 1531 503 1575 Denuo
546 1545 600 1575 ex
640 1531 988 1575 Acharnensium
1029 1531 1181 1576 fabula
1221 1531 1389 1575 initium
1431 1531 1666 1585 faciamus,
1710 1532 1753 1575 in
1796 1532 1917 1575 cuius

207 1603 386 1656 prologo
418 1603 694 1656 Dicaeopolis
736 1615 877 1656 pauca
917 1602 1066 1655 affert,
1108 1616 1220 1656 quae
1260 1603 1420 1657 gaudio
1462 1603 1501 1645 ei
1542 1603 1728 1656 fuerint⁷
1770 1604 1917 1655 mult-a,

207 1686 319 1727 quae
361 1686 494 1729 aegre
535 1673 708 1726 tulerit,
756 1686 936 1728 quorum
976 1673 1283 1728 gravissimum
1324 1673 1543 1717 inducitur
1584 1686 1714 1718 versu
1758 1672 1811 1716 17
1853 1674 1916 1716 in-

206 1744 435 1787 dissoluto:
1667 1757 1670 1759 ’

420 1812 516 1857 ἀλλ’
550 1812 829 1858 οὐδεπώποτ’
863 1812 911 1865 ἐξ
943 1809 1050 1858 ὅτου
1080 1812 1150 1871 ’γώ
1183 1813 1408 1872 ῥύπτομαι
1441 1850 1449 1858 .
1473 1850 1481 1859 .
1504 1849 1514 1859 .

206 1898 403 1952 Legatus
435 1900 666 1951 postquam
697 1911 839 1951 pauca
870 1911 981 1951 quae
1012 1898 1057 1940 in
1078 1898 1235 1941 itinere
1258 1898 1496 1941 acciderint
1518 1898 1728 1951 narravit,
1760 1911 1918 1942 novum

207 1970 339 2022 atque
371 1968 678 2024 gravissimum
709 1968 876 2013 referre
909 1968 1051 2024 coepit
1081 1982 1213 2015 versu
1244 1968 1297 2013 91
1332 1969 1614 2013 indissoluto:

421 2051 496 2092 καὶ
526 2053 607 2093 νῦν
638 2048 817 2106 ἄγοντες
846 2046 1008 2107 ἥκομεν
1042 2052 1370 2109 Ψευδαρτάβαν
1401 2085 1410 2096 .
1434 2086 1443 2096 .
1467 2086 1474 2095 .

207 2135 428 2188 Euripidis
460 2134 649 2178 famulus
683 2135 785 2188 quid
818 2136 1014 2178 dominus
1048 2138 1155 2190 agat
1186 2136 1405 2189 explicare
1437 2136 1610 2189 incipit:

419 2216 443 2260 ὃ
475 2220 577 2267 νοῦς
608 2216 690 2272 μὲν
722 2215 806 2269 ἔξω
838 2217 1055 2275 ξυλλέγων
1087 2217 1275 2263 ἐπύλλια
1306 2254 1315 2263 .
1339 2254 1346 2263 .
1371 2254 1380 2263 .
1534 2220 1640 2264 Ach.
1673 2218 1759 2263 398

344 2301 555 2355 Apparet,
596 2300 698 2355 quid
729 2301 1048 2356 Aristophanes
1079 2302 1147 2346 his
1178 2302 1379 2348 versibus
1409 2301 1681 2346 indissolutis
1714 2303 1918 2358 consequi

207 2371 406 2415 voluerit.
458 2372 563 2415 Cum
596 2374 743 2415 autem
773 2385 859 2415 non
892 2373 1035 2417 omnia
1056 2374 1266 2429 exempla,
1288 2386 1409 2427 -quae
1429 2372 1659 2427 proferam,
1690 2375 1772 2417 hoc
1792 2375 1916 2418 modo

201 2442 476 2495 pertractare
506 2440 681 2496 possim,
713 2453 870 2486 versus
902 2441 1039 2487 solum
1071 2443 1328 2489 exscribam.

415 2525 493 2566 καὶ
521 2523 616 2578 μὰν
648 2524 768 2580 φέρω
798 2527 941 2578 χᾶνας
971 2525 1111 2581 λαγὼς
1141 2526 1375 2575 ἀλώπεκας
1397 2558 1406 2569 .
1429 2559 1438 2569 .
1462 2559 1471 2568 .
1532 2527 1639 2569 Ach.
1671 2526 1758 2569 878

419 2593 497 2637 οὐκ
528 2591 626 2636 ἀλλ’
657 2592 738 2649 ἐγὼ
769 2592 832 2649 χώ
865 2597 971 2645 παΐς
1002 2594 1204 2653 ἐρίζομεν
1235 2596 1381 2641 πάλαι
1405 2630 1415 2641 .
1439 2630 1449 2641 .
1471 2630 1480 2641 .
1532 2597 1639 2642 Ach.
1672 2596 1787 2641 1114

417 2663 515 2707 ἀλλ’
537 2663 583 2706 οἶ
599 2662 635 2719 γ’
657 2662 756 2719 ἐμοὶ
788 2664 988 2719 λέγουσιν
1019 2666 1075 2715 ὥς
1106 2665 1241 2723 ἄρξαι
1262 2680 1314 2711 σε
1335 2669 1409 2710 δεῖ
1425 2701 1435 2711 .
1459 2700 1468 2711 .
1492 2702 1500 2711 .
1532 2668 1642 2722 Equ.
1674 2667 1760 2711 965

417 2734 547 2791 οὑμοὶ
580 2733 631 2779 δὲ
662 2733 699 2791 γ’
731 2729 788 2777 αὖ
818 2733 1020 2790 λέγουσιν
1051 2736 1107 2787 ὥς
1138 2737 1380 2796 ἁλουργίδα
1411 2772 1420 2783 .
1444 2772 1453 2782 .
1476 2772 1485 2783 .
1531 2738 1641 2794 Equ.
1673 2737 1760 2783 967

415 2806 467 2849 ού
499 2807 632 2849 τοῦτό
668 2818 805 2863 φησιν
835 2804 953 2847 ἀλλὰ
983 2810 1092 2857 ναῦς
1122 2808 1336 2852 ἑκάστοτε
1367 2843 1377 2853 .
1400 2843 1409 2853 .
1431 2843 1441 2854 .
1532 2811 1642 2864 Equ.
1675 2809 1790 2853 1070

416 2875 590 2919 ἐκεινοιὶ
619 2875 704 2931 γάρ
737 2876 793 2925 ὡς
824 2872 893 2930 ἔμ’
925 2873 1134 2930 ἔρχονταί
1159 2895 1272 2929 τινες
1302 2913 1312 2923 .
1334 2912 1344 2924 .
1366 2913 1376 2924 .
1531 2881 1641 2935 Equ.
1675 2879 1789 2924 1196

415 2947 574 3004 φήσεις
603 2945 639 3002 γ’
671 2945 859 2990 ἐπειδᾶν
889 2947 971 2997 τὰς
1001 2939 1388 3002 τριακοντούτιδας
1419 2984 1427 2995 .
1451 2985 1460 2995 .
1484 2985 1493 2995 .
1529 2951 1640 3005 Equ.
1674 2950 1788 2994 1388
