2053 3404
853 296 1148 341 ...69-

148 432 387 475 Praeterea
426 430 483 475 cf.
514 431 616 486 Lys.
647 428 747 483 205,
788 427 886 482 206,
928 426 1027 480 919,
1070 425 1197 479 1136,
1230 423 1358 478 1157,
1392 421 1529 476 1158,
1569 423 1739 466 Thesm.
1771 422 1850 477 203

148 503 259 546 Rau.
290 502 389 556 276,
422 502 557 556 11303
588 502 701 545 Plut.
732 500 832 544 885.

290 573 398 617 Vide
428 574 473 617 in
499 573 695 616 omnibns
717 584 824 626 quos
846 570 976 615 attuli
997 568 1207 613 trimetris
1229 567 1392 611 nullam
1413 566 1559 609 inesse
1582 565 1852 608 solutionem.

289 782 462 826 Initium
510 783 642 827 ducat
686 796 801 827 nova
843 784 952 825 haec
993 779 1328 834 quaestiuncula
1369 779 1424 821 ab
1466 777 1672 832 Equitum
1718 778 1853 822 versi-

147 854 228 897 bus
260 852 345 896 475
368 866 425 897 ss.

147 924 384 979 Paphlago.
415 923 530 978 *ἐγώ
560 924 644 978 μὲν
675 919 753 967 οὖν
785 922 944 965 αὐτίκα
974 920 1079 977 μάλ’
1111 921 1154 969 ἐς
1183 919 1350 976 βουλὴν
1381 917 1458 961 ἰών
1569 920 1678 973 Equ.
1706 918 1792 962 475

306 992 486 1049 **ὑμῶ’ν
517 993 730 1037 ἁπάντων
760 992 839 1042 τὰς
870 996 1144 1047 ξυνωμοσίας
1175 991 1274 1046 ἐρῶ,

300 1062 347 1090 **
358 1064 433 1105 καὶ
462 1064 544 1113 τὰς
575 1064 788 1113 ξυνόδους
817 1062 898 1109 τὰς
927 1063 1179 1118 νυκτερινὰς
1211 1061 1288 1103 ἐπὶ
1318 1063 1373 1118 τῇ
1404 1059 1550 1114 πόλει,

299 1134 434 1176 ”aaz
464 1133 598 1176 πάντ’
630 1132 660 1175 ἃ
691 1134 869 1191 Μήδοις
898 1134 973 1175 καὶ
1003 1132 1187 1188 βασιλεῖ
1211 1132 1475 1186 ξυνώμνυτε,

357 1206 432 1247 καὶ
463 1204 546 1247 τάκ
575 1207 786 1248 Βοιωτῶν
816 1207 959 1247 ταῦτα
990 1204 1332 1260 συντυρούμενα.
1705 1203 1789 1246 479

147 1276 409 1320 Botularius.
441 1278 536 1325 πῶς
567 1271 645 1319 οὖν
678 1274 701 1317 ὃ
732 1276 862 1330 τυρὸς
893 1274 941 1317 ἐν
971 1276 1185 1323 Βοιωτοῖς
1216 1272 1340 1322 ὤνιος
1349 1290 1366 1325 ,·
1705 1275 1791 1317 480

286 1346 680 1402 Neglegent-issime
722 1346 947 1400 compositi
987 1348 1090 1389 sunt
1130 1346 1337 1399 trimetri,
1385 1358 1492 1399 quos
1534 1346 1761 1400 Paphlago
1808 1346 1851 1389 in

145 1417 406 1460 botularium
447 1417 701 1472 equitesque
741 1418 868 1472 iacit3
910 1417 1129 1461 concludit
1169 1429 1273 1461 vero
1316 1416 1555 1460 orationem
1596 1429 1727 1461 versu
1766 1416 1851 1460 479

144 1488 414 1541 indissoluto,
447 1489 493 1531 in
524 1501 606 1542 quo
628 1489 682 1531 de
703 1489 880 1531 Boeotis
911 1500 983 1532 res
1005 1490 1084 1531 est.
1136 1488 1314 1542 Excipit
1344 1488 1426 1531 hoc
1456 1487 1698 1531 botularius
1721 1490 1853 1541 atque

144 1558 239 1612 ipse
270 1571 437 1612 quoque
469 1559 523 1602 de
554 1559 731 1602 Boeotis
763 1560 900 1603 verba
931 1559 1039 1602 facit
1071 1571 1201 1603 versu
1232 1557 1319 1601 480
1349 1558 1620 1602 indissoluto.

285 1629 338 1672 Iu
370 1629 734 1684 comparationem
765 1629 869 1673 licet
898 1642 1057 1674 vocare
1090 1629 1287 1683 exempla
1317 1630 1447 1672 haec:

360 1697 412 1742 οὔ
442 1715 511 1742 τοι
539 1698 604 1756 μὰ
634 1699 716 1756 τὴν
740 1698 936 1759 Δήμητρ’
967 1697 1027 1742 ’ἐτ’
1059 1698 1109 1742 εἰ
1135 1699 1203 1756 μή
1239 1698 1279 1742 σ’
1314 1698 1537 1756 ἐκφάγω
1569 1700 1678 1755 Equ.
1707 1700 1792 1744 (598

325 1762 408 1814 *ἔκ
437 1773 575 1827 τῆσδε
605 1774 682 1827 τῆς
711 1774 801 1826 γῆς,
834 1771 1055 1814 οὐδέποτε
1084 1772 1318 1826 βιώσομαι.

301 1840 412 1884 -εἷ
438 1841 505 1899 μή
540 1841 796 1899 ’κφιὲγῃς;
828 1841 910 1897 ἐγώ
943 1842 993 1884 δὲ
1023 1841 1059 1897 γ’
1081 1840 1122 1884 εἰ
1147 1842 1208 1897 μή
1234 1841 1274 1884 σ’
1298 1841 1449 1895 ἐκπίω,
1483 1878 1524 1886 ..
1549 1878 1558 1887 .

322 1937 346 1962 *
359 1935 707 1992 ἀπεριμερίμνως
736 1937 817 1992 τὴν
847 1937 998 1991 θύραν
1028 1935 1291 1985 λελοὶκτισας
1564 1938 1673 1981 Nub.
1708 1937 1790 1981 136

356 2007 431 2049 καὶ
462 2006 661 2063 φροντίδ’
693 2007 714 2048 ὲ
726 2010 751 2057 ξ
763 2008 792 2063 η’
801 2023 835 2061 μ
843 2012 875 2062 β
886 2008 912 2049 λ
925 2024 957 2048 ω
968 2025 993 2049 κ
1004 2024 1034 2048 α
1046 2024 1066 2055 ς
1097 2007 1406 2065 ἐξηυρημένην.
1470 2010 1472 2012 ’

302 2075 458 2120 ,ἀλλ’
488 2075 588 2121 εἶπέ
618 2093 694 2134 μοι
725 2077 776 2121 τὸ
809 2081 993 2135 πρᾶγμα
1023 2077 1555 2136 τούξημβλωμένον.
1709 2080 1791 2124 139

360 2172 436 2214 οὐκ
467 2171 562 2214 ἀλλ’
593 2168 731 2222 ῧπνος
759 2172 804 2227 μ’
836 2171 925 2227 ἔχει
955 2188 1019 2222 τις
1050 2172 1096 2214 ἐκ
1125 2175 1165 2214 Σ
1173 2188 1203 2213 α
1211 2176 1243 2228 β
1254 2187 1285 2214 α
1296 2173 1322 2224 ζ
1334 2176 1354 2215 ί
1362 2188 1385 2215 ο
1397 2188 1434 2218 υ.
1565 2175 1697 2229 Vesp.
1729 2174 1754 2217 9

276 2245 347 2286 —*
359 2242 440 2286 τὸν
470 2242 606 2287 αὐτὸν
637 2241 707 2299 ἄρ’
740 2244 838 2298 ἐμοὶ
867 2243 1090 2298 βουκολεῖς
1120 2247 1158 2285 Σ
1166 2259 1196 2284 α
1204 2248 1235 2298 β
1247 2244 1278 2284 ά
1290 2245 1315 2294 ζ
1325 2259 1341 2285 ι
1353 2260 1376 2286 ο
1387 2259 1424 2288 ν.

299 2336 346 2363 **
359 2332 449 2380 εἴθ’
478 2338 505 2394 ἡ
536 2337 676 2393 μιαρὰ
709 2337 890 2393 φάλαιν’
922 2321 1086 2392 ἔχουσα
1116 2338 1337 2395 τρυτάνην
1568 2341 1698 2395 Vesp.
1730 2340 1785 2383 39

359 2407 488 2466 ἵστη
518 2412 548 2464 β
562 2408 585 2450 ό
599 2424 620 2450 ε
632 2423 647 2451 ι
659 2424 682 2450 ο
694 2423 719 2450 ν
749 2409 858 2465 δημ
870 2407 948 2453 όν.
978 2447 1025 2451 -
1058 2408 1177 2463 οἴμοι
1208 2408 1418 2463 δείλαιος,

361 2478 440 2521 τὸν
471 2480 653 2535 δῆμον
683 2478 836 2534 ἡμῶν
864 2479 1075 2534 βούλεται
1105 2480 1426 2524 διιστάναι.

298 2575 424 2618 **ἴθ’
455 2573 674 2630 ἀντιβολῶ
707 2573 764 2627 α’,
797 2573 981 2631 ἐλέησον
1013 2574 1159 2617 αὐτῶν
1190 2576 1272 2632 τὴν
1305 2574 1418 2629 ὄπα,
1573 2580 1675 2621 Pac.
1707 2578 1794 2621 400

358 2644 463 2687 ἐπεί
489 2657 540 2686 σε
568 2644 644 2686 καὶ
672 2646 831 2698 τιμῶσι
859 2643 1080 2698 μᾶλλον
1109 2641 1137 2702 ἢ
1173 2645 1281 2701 πρὸ
1312 2649 1426 2690 τοῦ.

297 2714 544 2758 -κλέπται
573 2714 630 2757 τὰ
661 2716 739 2757 νῦν
767 2713 851 2770 γάρ
884 2713 969 2757 εἶσι
998 2715 1220 2770 μᾶλλον
1250 2715 1277 2774 ἢ
1311 2719 1419 2772 πρὸ
1455 2722 1567 2764 τοῦ.

320 2809 343 2834 *
355 2809 580 2867 βούλεσθε
611 2808 663 2852 τὸ
693 2808 807 2864 μέγα
837 2811 971 2852 τοῦτο
1002 2809 1108 2854 τούκ
1136 2814 1477 2869 Λακεδαίμονος
1567 2817 1649 2860 Av.
1681 2815 1767 2859 813

321 2881 622 2939 *Σπάρτην
654 2879 833 2936 ὄνομα
862 2880 1123 2937 καλῶμεν
1154 2882 1318 2941 αι’ντήν;
1338 2923 1385 2927 -
1400 2884 1650 2940 ‘Hedum-

357 2953 622 3010 σπάρτην
649 2952 733 3008 γὰρ
766 2950 823 2995 ἂν
854 2955 1072 3011 θείμην
1103 2953 1182 3009 ἐγὼ
1214 2954 1333 3013 τήμῇ
1365 2955 1508 3001 πόλει.
