<?xml version="1.0" encoding="UTF-8"?>
<!DOCTYPE html PUBLIC "-//W3C//DTD XHTML 1.0 Transitional//EN"
    "http://www.w3.org/TR/xhtml1/DTD/xhtml1-transitional.dtd">
<html xmlns="http://www.w3.org/1999/xhtml" xml:lang="en" lang="en">
 <head>
  <title>
</title>
<meta http-equiv="Content-Type" content="text/html;charset=utf-8" />
  <meta name='ocr-system' content='tesseract 3.04.00' />
  <meta name='ocr-capabilities' content='ocr_page ocr_carea ocr_par ocr_line ocrx_word'/>
</head>
<body>
  <div class='ocr_page' id='page_1' title='image "./4626793_0011.png"; bbox 0 0 2053 3404; ppageno 0'>
   <div class='ocr_carea' id='block_1_1' title="bbox 739 839 1327 931">
    <p class='ocr_par' dir='ltr' id='par_1_1' title="bbox 739 839 1327 931">
     <span class='ocr_line' id='line_1_1' title="bbox 739 839 1327 931; baseline 0 -19"><span class='ocrx_word' id='word_1_1' title='bbox 739 839 943 914; x_wconf 86' lang='lat' dir='ltr'>Index</span> <span class='ocrx_word' id='word_1_2' title='bbox 993 840 1327 931; x_wconf 73' lang='lat' dir='ltr'>capitum·</span> 
     </span>
    </p>
   </div>
   <div class='ocr_carea' id='block_1_2' title="bbox 173 1051 1879 2111">
    <p class='ocr_par' dir='ltr' id='par_1_2' title="bbox 173 1051 1879 2111">
     <span class='ocr_line' id='line_1_2' title="bbox 174 1051 1876 1108; baseline -0.004 -7"><span class='ocrx_word' id='word_1_3' title='bbox 174 1051 413 1101; x_wconf 81' lang='lat' dir='ltr'>Praefatio</span> <span class='ocrx_word' id='word_1_4' title='bbox 474 1087 1671 1099; x_wconf 90' lang='grc'><strong>.....................</strong></span> <span class='ocrx_word' id='word_1_5' title='bbox 1727 1066 1798 1108; x_wconf 85' lang='lat' dir='ltr'>pg.</span> <span class='ocrx_word' id='word_1_6' title='bbox 1849 1053 1876 1095; x_wconf 80' lang='grc'>8</span> 
     </span>
     <span class='ocr_line' id='line_1_3' title="bbox 173 1123 1675 1183; baseline -0.003 -11"><span class='ocrx_word' id='word_1_7' title='bbox 173 1123 290 1172; x_wconf 79' lang='lat' dir='ltr'>Pars</span> <span class='ocrx_word' id='word_1_8' title='bbox 328 1123 503 1183; x_wconf 79' lang='lat' dir='ltr'>prima:</span> <span class='ocrx_word' id='word_1_9' title='bbox 546 1126 611 1168; x_wconf 94' lang='lat' dir='ltr'>De</span> <span class='ocrx_word' id='word_1_10' title='bbox 653 1125 860 1167; x_wconf 91' lang='lat' dir='ltr'>trimetris</span> <span class='ocrx_word' id='word_1_11' title='bbox 905 1125 1175 1168; x_wconf 87' lang='lat' dir='ltr'>indissolutis</span> <span class='ocrx_word' id='word_1_12' title='bbox 1216 1125 1261 1167; x_wconf 90' lang='lat' dir='ltr'>in</span> <span class='ocrx_word' id='word_1_13' title='bbox 1302 1135 1427 1168; x_wconf 90' lang='lat' dir='ltr'>usum</span> <span class='ocrx_word' id='word_1_14' title='bbox 1467 1125 1675 1179; x_wconf 83' lang='lat' dir='ltr'>parodiae</span> 
     </span>
     <span class='ocr_line' id='line_1_4' title="bbox 458 1197 1876 1251; baseline -0.001 -12"><span class='ocrx_word' id='word_1_15' title='bbox 458 1197 663 1240; x_wconf 74' lang='lat' dir='ltr'><strong>adhibitis</strong></span> <span class='ocrx_word' id='word_1_16' title='bbox 718 1229 1769 1251; x_wconf 88' lang='lat'><strong>...................</strong></span> <span class='ocrx_word' id='word_1_17' title='bbox 1823 1197 1876 1238; x_wconf 76' lang='lat'>15</span> 
     </span>
     <span class='ocr_line' id='line_1_5' title="bbox 317 1267 1875 1323; baseline -0.001 -13"><span class='ocrx_word' id='word_1_18' title='bbox 317 1269 457 1322; x_wconf 84' lang='lat' dir='ltr'>Caput</span> <span class='ocrx_word' id='word_1_19' title='bbox 487 1268 689 1322; x_wconf 89' lang='lat' dir='ltr'>primum:</span> <span class='ocrx_word' id='word_1_20' title='bbox 721 1269 787 1310; x_wconf 93' lang='lat' dir='ltr'>De</span> <span class='ocrx_word' id='word_1_21' title='bbox 818 1268 999 1322; x_wconf 84' lang='lat' dir='ltr'>parodia</span> <span class='ocrx_word' id='word_1_22' title='bbox 1029 1268 1201 1323; x_wconf 80' lang='lat' dir='ltr'>tragica</span> <span class='ocrx_word' id='word_1_23' title='bbox 1249 1301 1675 1312; x_wconf 88' lang='grc'><strong>........</strong></span> <span class='ocrx_word' id='word_1_24' title='bbox 1751 1301 1770 1323; x_wconf 83' lang='grc'>,,</span> <span class='ocrx_word' id='word_1_25' title='bbox 1822 1267 1875 1309; x_wconf 78' lang='grc'>15</span> 
     </span>
     <span class='ocr_line' id='line_1_6' title="bbox 318 1340 1674 1394; baseline 0 -12"><span class='ocrx_word' id='word_1_26' title='bbox 318 1340 458 1394; x_wconf 86' lang='lat' dir='ltr'>Caput</span> <span class='ocrx_word' id='word_1_27' title='bbox 498 1340 754 1382; x_wconf 82' lang='lat' dir='ltr'>secundum:</span> <span class='ocrx_word' id='word_1_28' title='bbox 801 1340 865 1382; x_wconf 92' lang='lat' dir='ltr'>De</span> <span class='ocrx_word' id='word_1_29' title='bbox 906 1340 1105 1383; x_wconf 82' lang='lat' dir='ltr'>irrisione</span> <span class='ocrx_word' id='word_1_30' title='bbox 1152 1342 1397 1394; x_wconf 85' lang='lat' dir='ltr'>poetarum,</span> <span class='ocrx_word' id='word_1_31' title='bbox 1443 1342 1674 1393; x_wconf 83' lang='lat' dir='ltr'>oratorum,</span> 
     </span>
     <span class='ocr_line' id='line_1_7' title="bbox 457 1410 1875 1465; baseline -0.001 -12"><span class='ocrx_word' id='word_1_32' title='bbox 457 1410 774 1465; x_wconf 77' lang='lat' dir='ltr'>magistrorum,</span> <span class='ocrx_word' id='word_1_33' title='bbox 807 1411 985 1454; x_wconf 86' lang='lat' dir='ltr'>aliorum</span> <span class='ocrx_word' id='word_1_34' title='bbox 1013 1445 1770 1464; x_wconf 78' lang='lat'><strong>..............</strong></span> <span class='ocrx_word' id='word_1_35' title='bbox 1820 1410 1875 1453; x_wconf 72' lang='lat'>29</span> 
     </span>
     <span class='ocr_line' id='line_1_8' title="bbox 175 1479 1674 1538; baseline -0.001 -11"><span class='ocrx_word' id='word_1_36' title='bbox 175 1479 291 1529; x_wconf 80' lang='lat' dir='ltr'>Pars</span> <span class='ocrx_word' id='word_1_37' title='bbox 324 1479 557 1528; x_wconf 83' lang='lat' dir='ltr'>secunda:</span> <span class='ocrx_word' id='word_1_38' title='bbox 590 1482 655 1525; x_wconf 91' lang='lat' dir='ltr'>De</span> <span class='ocrx_word' id='word_1_39' title='bbox 677 1495 757 1526; x_wconf 89' lang='lat' dir='ltr'>usu</span> <span class='ocrx_word' id='word_1_40' title='bbox 787 1482 1088 1535; x_wconf 84' lang='lat' dir='ltr'>trimetrorum‚</span> <span class='ocrx_word' id='word_1_41' title='bbox 1121 1483 1192 1535; x_wconf 86' lang='lat' dir='ltr'>qui</span> <span class='ocrx_word' id='word_1_42' title='bbox 1225 1483 1280 1525; x_wconf 80' lang='lat' dir='ltr'>ad</span> <span class='ocrx_word' id='word_1_43' title='bbox 1313 1483 1554 1538; x_wconf 82' lang='lat' dir='ltr'>augendam</span> <span class='ocrx_word' id='word_1_44' title='bbox 1586 1495 1674 1525; x_wconf 89' lang='lat' dir='ltr'>ser-</span> 
     </span>
     <span class='ocr_line' id='line_1_9' title="bbox 458 1553 1875 1607; baseline -0.001 -11"><span class='ocrx_word' id='word_1_45' title='bbox 458 1554 594 1596; x_wconf 85' lang='lat' dir='ltr'>monis</span> <span class='ocrx_word' id='word_1_46' title='bbox 627 1554 892 1607; x_wconf 83' lang='lat' dir='ltr'>gravitatem</span> <span class='ocrx_word' id='word_1_47' title='bbox 924 1553 1099 1596; x_wconf 86' lang='lat' dir='ltr'>formati</span> <span class='ocrx_word' id='word_1_48' title='bbox 1132 1556 1233 1596; x_wconf 90' lang='lat' dir='ltr'>sunt</span> <span class='ocrx_word' id='word_1_49' title='bbox 1264 1554 1513 1596; x_wconf 87' lang='lat' dir='ltr'>indissoluti</span> <span class='ocrx_word' id='word_1_50' title='bbox 1545 1587 1553 1597; x_wconf 92' lang='lat'><strong>.</strong></span> <span class='ocrx_word' id='word_1_51' title='bbox 1605 1588 1613 1597; x_wconf 92' lang='lat'><strong>.</strong></span> <span class='ocrx_word' id='word_1_52' title='bbox 1664 1588 1671 1596; x_wconf 86' lang='lat'>.</span> <span class='ocrx_word' id='word_1_53' title='bbox 1749 1588 1768 1607; x_wconf 81' lang='lat'>,‚</span> <span class='ocrx_word' id='word_1_54' title='bbox 1822 1553 1875 1595; x_wconf 74' lang='lat'>35</span> 
     </span>
     <span class='ocr_line' id='line_1_10' title="bbox 318 1625 1877 1683; baseline -0.002 -14"><span class='ocrx_word' id='word_1_55' title='bbox 318 1627 457 1680; x_wconf 83' lang='lat' dir='ltr'>Caput</span> <span class='ocrx_word' id='word_1_56' title='bbox 489 1625 690 1683; x_wconf 85' lang='lat' dir='ltr'>primum:</span> <span class='ocrx_word' id='word_1_57' title='bbox 721 1626 787 1668; x_wconf 95' lang='lat' dir='ltr'>De</span> <span class='ocrx_word' id='word_1_58' title='bbox 818 1626 1027 1668; x_wconf 86' lang='lat' dir='ltr'>trimetris</span> <span class='ocrx_word' id='word_1_59' title='bbox 1060 1626 1115 1668; x_wconf 82' lang='lat' dir='ltr'>ad</span> <span class='ocrx_word' id='word_1_60' title='bbox 1147 1628 1419 1679; x_wconf 74' lang='lat' dir='ltr'>spectatores</span> <span class='ocrx_word' id='word_1_61' title='bbox 1452 1626 1675 1670; x_wconf 79' lang='lat' dir='ltr'>conversis</span> <span class='ocrx_word' id='word_1_62' title='bbox 1750 1660 1769 1679; x_wconf 85' lang='lat'><strong>„</strong></span> <span class='ocrx_word' id='word_1_63' title='bbox 1821 1625 1877 1667; x_wconf 73' lang='lat'>35</span> 
     </span>
     <span class='ocr_line' id='line_1_11' title="bbox 320 1697 1677 1753; baseline 0 -13"><span class='ocrx_word' id='word_1_64' title='bbox 320 1697 458 1751; x_wconf 84' lang='lat' dir='ltr'>Caput</span> <span class='ocrx_word' id='word_1_65' title='bbox 490 1697 748 1741; x_wconf 75' lang='lat' dir='ltr'>seeundumt</span> <span class='ocrx_word' id='word_1_66' title='bbox 780 1697 846 1739; x_wconf 92' lang='lat' dir='ltr'>De</span> <span class='ocrx_word' id='word_1_67' title='bbox 877 1697 1086 1740; x_wconf 90' lang='lat' dir='ltr'>trimetris</span> <span class='ocrx_word' id='word_1_68' title='bbox 1119 1710 1230 1750; x_wconf 84' lang='lat' dir='ltr'>quae</span> <span class='ocrx_word' id='word_1_69' title='bbox 1261 1697 1305 1740; x_wconf 92' lang='lat' dir='ltr'>in</span> <span class='ocrx_word' id='word_1_70' title='bbox 1338 1710 1499 1741; x_wconf 80' lang='lat' dir='ltr'>scaena</span> <span class='ocrx_word' id='word_1_71' title='bbox 1521 1710 1677 1753; x_wconf 83' lang='lat' dir='ltr'>geran-</span> 
     </span>
     <span class='ocr_line' id='line_1_12' title="bbox 459 1767 1879 1823; baseline 0 -13"><span class='ocrx_word' id='word_1_72' title='bbox 459 1771 531 1811; x_wconf 90' lang='lat' dir='ltr'>tur</span> <span class='ocrx_word' id='word_1_73' title='bbox 562 1768 880 1823; x_wconf 75' lang='lat' dir='ltr'>explicantibus</span> <span class='ocrx_word' id='word_1_74' title='bbox 955 1802 1772 1823; x_wconf 85' lang='lat'><strong>...............</strong></span> <span class='ocrx_word' id='word_1_75' title='bbox 1823 1767 1879 1810; x_wconf 79' lang='lat'>42</span> 
     </span>
     <span class='ocr_line' id='line_1_13' title="bbox 318 1839 1677 1894; baseline 0.001 -11"><span class='ocrx_word' id='word_1_76' title='bbox 318 1840 458 1894; x_wconf 83' lang='lat' dir='ltr'>Caput</span> <span class='ocrx_word' id='word_1_77' title='bbox 488 1839 686 1883; x_wconf 82' lang='lat' dir='ltr'>tertium:</span> <span class='ocrx_word' id='word_1_78' title='bbox 717 1840 783 1884; x_wconf 92' lang='lat' dir='ltr'>De</span> <span class='ocrx_word' id='word_1_79' title='bbox 814 1840 993 1894; x_wconf 89' lang='lat' dir='ltr'>reliquis</span> <span class='ocrx_word' id='word_1_80' title='bbox 1024 1840 1246 1894; x_wconf 88' lang='lat' dir='ltr'>trimetris,</span> <span class='ocrx_word' id='word_1_81' title='bbox 1278 1841 1351 1894; x_wconf 88' lang='lat' dir='ltr'>qui</span> <span class='ocrx_word' id='word_1_82' title='bbox 1372 1842 1421 1884; x_wconf 92' lang='lat' dir='ltr'>ut</span> <span class='ocrx_word' id='word_1_83' title='bbox 1450 1854 1504 1885; x_wconf 84' lang='lat' dir='ltr'>ex</span> <span class='ocrx_word' id='word_1_84' title='bbox 1535 1840 1677 1885; x_wconf 85' lang='lat' dir='ltr'>multi-</span> 
     </span>
     <span class='ocr_line' id='line_1_14' title="bbox 460 1911 1879 1968; baseline 0 -14"><span class='ocrx_word' id='word_1_85' title='bbox 460 1911 610 1955; x_wconf 87' lang='lat' dir='ltr'>tudine</span> <span class='ocrx_word' id='word_1_86' title='bbox 641 1911 860 1955; x_wconf 85' lang='lat' dir='ltr'>emineant</span> <span class='ocrx_word' id='word_1_87' title='bbox 892 1914 1043 1956; x_wconf 79' lang='lat' dir='ltr'>carent</span> <span class='ocrx_word' id='word_1_88' title='bbox 1075 1912 1361 1956; x_wconf 85' lang='lat' dir='ltr'>solutionibus</span> <span class='ocrx_word' id='word_1_89' title='bbox 1433 1948 1442 1957; x_wconf 92' lang='lat'>.</span> <span class='ocrx_word' id='word_1_90' title='bbox 1492 1947 1501 1957; x_wconf 92' lang='lat'>.</span> <span class='ocrx_word' id='word_1_91' title='bbox 1551 1947 1560 1957; x_wconf 92' lang='lat'><strong>.</strong></span> <span class='ocrx_word' id='word_1_92' title='bbox 1610 1948 1619 1957; x_wconf 91' lang='lat'><strong>.</strong></span> <span class='ocrx_word' id='word_1_93' title='bbox 1670 1947 1679 1957; x_wconf 93' lang='lat'><strong><em>.</em></strong></span> <span class='ocrx_word' id='word_1_94' title='bbox 1754 1947 1774 1968; x_wconf 87' lang='lat'>„</span> <span class='ocrx_word' id='word_1_95' title='bbox 1824 1911 1879 1954; x_wconf 78' lang='lat'>56</span> 
     </span>
     <span class='ocr_line' id='line_1_15' title="bbox 179 1979 1679 2039; baseline -0.002 -9"><span class='ocrx_word' id='word_1_96' title='bbox 179 1981 294 2030; x_wconf 79' lang='lat' dir='ltr'>Pars</span> <span class='ocrx_word' id='word_1_97' title='bbox 316 1981 481 2030; x_wconf 75' lang='lat' dir='ltr'>tertia:</span> <span class='ocrx_word' id='word_1_98' title='bbox 512 1984 579 2027; x_wconf 91' lang='lat' dir='ltr'>De</span> <span class='ocrx_word' id='word_1_99' title='bbox 600 1996 681 2027; x_wconf 87' lang='lat' dir='ltr'>usu</span> <span class='ocrx_word' id='word_1_100' title='bbox 703 1979 1006 2036; x_wconf 78' lang='lat' dir='ltr'>trimetrorum‚</span> <span class='ocrx_word' id='word_1_101' title='bbox 1030 1984 1102 2037; x_wconf 87' lang='lat' dir='ltr'>qui</span> <span class='ocrx_word' id='word_1_102' title='bbox 1125 1984 1181 2027; x_wconf 81' lang='lat' dir='ltr'>ad</span> <span class='ocrx_word' id='word_1_103' title='bbox 1203 1984 1447 2039; x_wconf 84' lang='lat' dir='ltr'>augendam</span> <span class='ocrx_word' id='word_1_104' title='bbox 1469 1984 1679 2028; x_wconf 86' lang='lat' dir='ltr'>sermonis</span> 
     </span>
     <span class='ocr_line' id='line_1_16' title="bbox 460 2054 1877 2111; baseline -0.001 -12"><span class='ocrx_word' id='word_1_105' title='bbox 460 2055 725 2099; x_wconf 82' lang='lat' dir='ltr'>suavitatem</span> <span class='ocrx_word' id='word_1_106' title='bbox 754 2055 930 2098; x_wconf 84' lang='lat' dir='ltr'>formati</span> <span class='ocrx_word' id='word_1_107' title='bbox 961 2058 1062 2098; x_wconf 80' lang='lat' dir='ltr'>sunt</span> <span class='ocrx_word' id='word_1_108' title='bbox 1094 2055 1344 2099; x_wconf 86' lang='lat' dir='ltr'>indissoluti</span> <span class='ocrx_word' id='word_1_109' title='bbox 1370 2090 1676 2100; x_wconf 88' lang='lat'><strong>......</strong></span> <span class='ocrx_word' id='word_1_110' title='bbox 1752 2090 1771 2111; x_wconf 90' lang='lat'>„</span> <span class='ocrx_word' id='word_1_111' title='bbox 1823 2054 1877 2098; x_wconf 86' lang='grc'>76</span> 
     </span>
    </p>
   </div>
  </div>
 </body>
</html>
