2053 3404
830 232 1122 283 ..33—

336 369 627 425 μαρτύρομαι.
648 407 695 411 .-
718 368 992 424 ξυλλάμβαν’
1014 369 1152 411 αὐτοῦ
1182 369 1233 411 τὰ
1258 360 1416 424 στόμα.
1447 372 1552 415 Ach.
1584 370 1669 414 926

339 474 349 484 .
367 475 376 484 .
394 474 404 485 .
426 440 470 489 ἐς
499 441 580 495 τὴν
608 436 711 497 ἕνην
732 455 781 481 τε
809 441 884 481 καὶ
914 440 1031 484 νέαν.
1052 478 1100 481 -
1118 440 1411 497 μαρτύρομαι.
1441 442 1551 485 Nub.
1584 441 1697 484 1222

302 510 514 560 *κατέαξ’
547 510 702 564 ἐχῖνον.
732 548 779 552 -
810 510 933 553 ταῦτ’
965 510 1044 564 ἐγώ
1074 511 1366 566 μαρτύρομαι.
1444 514 1573 566 Vesp.
1607 512 1719 554 1435

338 577 372 622 ὦ
402 581 509 623 παῖε
539 582 647 622 παῖε
676 580 757 623 τὸν
786 580 941 626 Βάκιν,
973 619 1020 623 -.
1049 580 1342 638 μαρτύρομαι.
1442 583 1543 626 Pac.
1577 581 1689 625 1119

302 651 614 708 *μαρτύρομαι
645 653 919 707 τυπτόμενος
950 651 1011 696 ὤν
1043 653 1299 701 ἐπίσκοπος.
1424 656 1525 698 Ἀν.
1559 653 1666 696 1031

339 722 444 778 ὁρᾷς
476 721 505 762 ἃ
538 725 665 764 ποιεῖ
667 739 683 774 ,-
715 722 837 764 ταῦτ’
870 722 949 776 ἐγώ
979 723 1273 780 μαρτύρομαι.
1447 724 1561 766 Plut.
1594 722 1678 765 932

125 794 320 847 Denique
352 793 408 837 cf.
440 792 535 834 ἀλλ’
568 792 772 851 ἐγγυητάς
803 806 875 836 σοι
904 793 1172 850 καταστήσω
1204 793 1287 836 δυό
1443 794 1562 838 Eccl.
1595 792 1709 836 1064

339 863 592 921 ἀξιόχρεως.

204 1033 206 1037 ’
266 1038 427 1083 Ultimo
450 1038 633 1092 denique
654 1038 747 1082 loco
769 1037 869 1082 illas
891 1051 1076 1082 scaenas
1099 1037 1430 1090 consideremus,
1464 1037 1537 1081 ubi
1557 1035 1827 1092 precantium

124 1111 192 1154 vel
210 1109 548 1154 sacrificantium
568 1110 706 1153 verba
723 1109 910 1164 grandia
926 1109 1020 1153 sive
1038 1108 1264 1152 sollemnia
1284 1108 1493 1151 imitando
1516 1108 1826 1162 exprimuntur.

215 1186 218 1190 ⁴
339 1191 362 1232 ὅ
394 1191 602 1243 Ξανθίας
632 1191 711 1233 τὸν
742 1190 914 1246 φαλλὸν
947 1191 1091 1246 ὀρθὸν
1123 1190 1343 1248 στησάτω.
1444 1192 1550 1233 Ach.
1581 1190 1667 1232 243

338 1258 372 1304 οἳ
401 1262 603 1315 Ξανθία,
636 1263 762 1319 σφῷν
793 1260 833 1303 δ’
865 1260 987 1304 ἐστὶν
1019 1260 1159 1316 ὀρθὸς
1190 1260 1337 1309 ἑκτέος
1582 1260 1667 1304 259

339 1333 361 1374 ὅ
394 1332 563 1389 φαλλὸς
594 1331 820 1382 ἐξόπισθε
849 1335 927 1388 τῆς
957 1333 1224 1391 κανηφόρου.

337 1413 527 1470 εὔχεσθε
556 1418 648 1464 τοῖς
679 1416 830 1457 θεοῖσι
860 1417 952 1464 τοῖς
984 1414 1217 1470 ὀλυμπίοις
1442 1416 1612 1458 Thesm.
1646 1414 1728 1457 331

335 1487 409 1527 καὶ
439 1488 535 1535 ταῖς
568 1485 830 1539 ὄλυμπίαισι
859 1486 933 1527 καὶ
963 1488 1055 1534 τοῖς
1085 1489 1272 1534 πυθίοις

335 1557 409 1599 καὶ
439 1558 560 1599 ταῖσι
591 1559 805 1599 πυθίαισι
834 1556 908 1598 καὶ
938 1558 1031 1605 τοῖς
1061 1556 1229 1613 δηλίοις

335 1627 409 1668 καὶ
429 1628 551 1668 ταῖσι
572 1625 768 1682 δηλίαισι
787 1629 879 1674 τοῖς
898 1626 935 1668 τ’
955 1624 1106 1675 ἄλλοις
1122 1629 1260 1675 θεοῖς.
1290 1645 1326 1671 κ.
1338 1643 1374 1671 τ.
1387 1627 1424 1671 λ.

337 1732 346 1742 .
360 1732 391 1742 ..
414 1696 612 1754 ἀρᾶσθε,
644 1698 739 1746 ταῖς
761 1696 800 1740 δ’
823 1694 1029 1739 ἄλλαισιν
1055 1697 1159 1751 ὑμῖν
1180 1696 1283 1747 τοὺς
1303 1699 1439 1746 θεοὺς
1643 1697 1729 1741 350

336 1766 528 1822 εὔχεσθε
559 1768 730 1817 πάσαις
760 1767 908 1810 πολλὰ
941 1771 1098 1811 δοῦναι
1127 1768 1323 1823 κάγαθά.

338 1846 370 1893 ὦ
404 1853 489 1894 Ζεῦ
520 1851 690 1895 διόπτα
719 1852 792 1896 καὶ
824 1851 1031 1894 κατόπτα
1061 1854 1283 1909 πανταχῇ,
1441 1853 1547 1896 Ach.
1579 1851 1664 1895 435

338 1920 700 1965 ἐνσκευάσασθαι
728 1921 773 1977 μ’
807 1916 901 1964 οἷον
933 1920 1270 1978 ἄθλιώτατον.1)

332 1992 537 2050 ,μυστήρι’
562 1992 712 2051 Ἑρμῇ,
745 1992 951 2046 διπόλει’,
985 1992 1168 2038 ἆδώνια.
1444 1994 1545 2037 Pac.
1578 1992 1665 2036 420

297 2062 321 2087 *
336 2064 557 2107 δέσποινα
587 2063 858 2120 πολυτίμητε
884 2063 1088 2121 Δήμητερ
1120 2064 1228 2121 φίλη
1443 2065 1613 2108 Thesm.
1646 2063 1732 2107 286

335 2135 410 2176 καὶ
446 2134 758 2189 Φερσέφαττα,
790 2133 938 2175 πολλὰ
970 2133 1182 2183 πολλάκις
1211 2134 1268 2188 μέ
1301 2147 1382 2176 σοι

336 2203 469 2247 θύειν
497 2202 705 2259 έχουσαν,
739 2203 779 2245 εἶ
808 2204 858 2247 δὲ
888 2203 1038 2258 μα’λλα
1070 2207 1149 2247 νῦν
1180 2204 1354 2248 λαθεῖν.

126 2286 363 2331 Praeterea
404 2286 458 2330 cf.
499 2286 608 2330 Nub.
650 2285 816 2329 1478—
827 2285 907 2340 81;
946 2287 1049 2330 Pac
1081 2284 1338 2340 435-438,
1380 2286 1489 2358 453;
1500 2287 1640 2358 NRan
1671 2287 1757 2330 885
1780 2300 1827 2340 s.‚

126 2353 383 2410 892-'8943
415 2356 548 2399 Arist.
580 2356 633 2399 fr.
664 2354 833 2409 286,1.

267 2426 441 2472 Summa
463 2428 558 2470 arte
579 2438 735 2471 versus
757 2418 920 2470 exculti
941 2429 1071 2484 sunt
1082 2417 1242 2482 Auget
1263 2427 1598 2471 sollemnitatem
1619 2427 1827 2480 tssmeter,

126 2494 197 2549 qui
227 2495 357 2540 nullis
389 2496 675 2541 solutionibus
708 2486 904 2553 agitatus
936 2499 1015 2541 est.

958 2627 997 2673 6.

266 2703 336 2747 Ad
366 2704 493 2747 huius
524 2705 744 2749 secundae
773 2705 914 2760 partis
945 2705 1072 2749 finem
1103 2705 1391 2760 pervenimus.
1443 2705 1585 2748 Multa
1614 2705 1699 2748 iam
1722 2706 1827 2748 arti-

125 2770 224 2816 ficia
252 2773 298 2817 in
329 2774 585 2818 comicorum
615 2788 664 2820 re
694 2775 877 2820 metrica
896 2775 1042 2820 inesse
1064 2776 1355 2832 cognovimus,
1386 2775 1544 2819 multos
1565 2775 1652 2819 iam
1672 2789 1827 2821 versus

268 2921 305 2955 l)
330 2921 373 2956 de
399 2931 490 2957 voce
520 2915 746 2976 κατόπτης
775 2923 822 2961 cf.
849 2934 880 2960 e.
906 2933 961 2969 gr.
987 2925 1117 2961 Aesch.
1144 2924 1242 2970 Sept.
1269 2926 1331 2969 413
1358 2926 1438 2960 369.
