<?xml version="1.0" encoding="UTF-8"?>
<!DOCTYPE html PUBLIC "-//W3C//DTD XHTML 1.0 Transitional//EN"
    "http://www.w3.org/TR/xhtml1/DTD/xhtml1-transitional.dtd">
<html xmlns="http://www.w3.org/1999/xhtml" xml:lang="en" lang="en">
 <head>
  <title>
</title>
<meta http-equiv="Content-Type" content="text/html;charset=utf-8" />
  <meta name='ocr-system' content='tesseract 3.04.00' />
  <meta name='ocr-capabilities' content='ocr_page ocr_carea ocr_par ocr_line ocrx_word'/>
</head>
<body>
  <div class='ocr_page' id='page_1' title='image "./4626793_0054.png"; bbox 0 0 2053 3404; ppageno 0'>
   <div class='ocr_carea' id='block_1_1' title="bbox 922 260 1216 305">
    <p class='ocr_par' dir='ltr' id='par_1_1' title="bbox 922 260 1216 305">
     <span class='ocr_line' id='line_1_1' title="bbox 922 260 1216 305; baseline 0 -13"><span class='ocrx_word' id='word_1_1' title='bbox 922 260 1216 305; x_wconf 69' lang='lat'><strong>-43-</strong></span> 
     </span>
    </p>
   </div>
   <div class='ocr_carea' id='block_1_2' title="bbox 372 388 1538 657">
    <p class='ocr_par' dir='ltr' id='par_1_2' title="bbox 431 388 1478 519">
     <span class='ocr_line' id='line_1_2' title="bbox 431 388 1391 447; baseline 0.002 -16"><span class='ocrx_word' id='word_1_2' title='bbox 431 390 539 445; x_wconf 73' lang='grc' dir='ltr'><strong><em>ἐμοῦ</em></strong></span> <span class='ocrx_word' id='word_1_3' title='bbox 569 389 800 447; x_wconf 78' lang='grc' dir='ltr'><strong><em>τρυγήσειν</em></strong></span> <span class='ocrx_word' id='word_1_4' title='bbox 829 390 904 435; x_wconf 82' lang='grc' dir='ltr'><strong><em>καὶ</em></strong></span> <span class='ocrx_word' id='word_1_5' title='bbox 936 388 1266 445; x_wconf 77' lang='grc' dir='ltr'><strong><em>προσάξεσθαί</em></strong></span> <span class='ocrx_word' id='word_1_6' title='bbox 1290 406 1391 433; x_wconf 90' lang='grc' dir='ltr'><strong><em>τινα</em></strong></span> 
     </span>
     <span class='ocr_line' id='line_1_3' title="bbox 431 457 1478 519; baseline 0.001 -15"><span class='ocrx_word' id='word_1_7' title='bbox 431 459 604 518; x_wconf 45' lang='lat' dir='ltr'><strong>eidone*</strong></span> <span class='ocrx_word' id='word_1_8' title='bbox 638 459 718 515; x_wconf 72' lang='grc' dir='ltr'><strong><em>ἐγώ</em></strong></span> <span class='ocrx_word' id='word_1_9' title='bbox 752 459 791 502; x_wconf 84' lang='grc' dir='ltr'><strong><em>δ’</em></strong></span> <span class='ocrx_word' id='word_1_10' title='bbox 822 457 878 517; x_wconf 87' lang='grc' dir='ltr'><strong><em>ἢν</em></strong></span> <span class='ocrx_word' id='word_1_11' title='bbox 906 462 1040 503; x_wconf 80' lang='grc' dir='ltr'><strong><em>τοῦτο</em></strong></span> <span class='ocrx_word' id='word_1_12' title='bbox 1071 461 1181 517; x_wconf 79' lang='grc' dir='ltr'><strong><em>δρᾷς</em></strong></span> <span class='ocrx_word' id='word_1_13' title='bbox 1212 459 1478 519; x_wconf 69' lang='grc' dir='ltr'><strong><em>ἀντᾴσομαι.</em></strong></span> 
     </span>
    </p>

    <p class='ocr_par' dir='ltr' id='par_1_3' title="bbox 372 529 1538 657">
     <span class='ocr_line' id='line_1_4' title="bbox 372 529 1538 587; baseline 0.002 -14"><span class='ocrx_word' id='word_1_14' title='bbox 372 533 420 559; x_wconf 88' lang='grc'><strong><em>**</em></strong></span> <span class='ocrx_word' id='word_1_15' title='bbox 431 529 498 573; x_wconf 80' lang='grc' dir='ltr'><strong><em>κεῖ</em></strong></span> <span class='ocrx_word' id='word_1_16' title='bbox 525 530 607 587; x_wconf 80' lang='grc' dir='ltr'><strong><em>γὰρ</em></strong></span> <span class='ocrx_word' id='word_1_17' title='bbox 639 530 697 574; x_wconf 83' lang='grc' dir='ltr'><strong><em>δι’</em></strong></span> <span class='ocrx_word' id='word_1_18' title='bbox 730 529 862 586; x_wconf 79' lang='grc' dir='ltr'><strong><em>ὄχλου</em></strong></span> <span class='ocrx_word' id='word_1_19' title='bbox 892 530 1011 574; x_wconf 76' lang='grc' dir='ltr'><strong><em>τοῦτ’</em></strong></span> <span class='ocrx_word' id='word_1_20' title='bbox 1043 530 1140 573; x_wconf 75' lang='grc' dir='ltr'><strong><em>ἐστὶ</em></strong></span> <span class='ocrx_word' id='word_1_21' title='bbox 1169 532 1263 581; x_wconf 80' lang='grc' dir='ltr'><strong><em>τοῖς</em></strong></span> <span class='ocrx_word' id='word_1_22' title='bbox 1292 532 1538 587; x_wconf 74' lang='grc' dir='ltr'><strong><em>θεωμένοις</em></strong></span> 
     </span>
     <span class='ocr_line' id='line_1_5' title="bbox 432 598 1366 657; baseline 0.003 -13"><span class='ocrx_word' id='word_1_23' title='bbox 432 598 547 657; x_wconf 78' lang='grc' dir='ltr'><strong><em>ὅμως</em></strong></span> <span class='ocrx_word' id='word_1_24' title='bbox 578 600 669 656; x_wconf 69' lang='grc' dir='ltr'><strong><em>ἔχει</em></strong></span> <span class='ocrx_word' id='word_1_25' title='bbox 699 602 894 657; x_wconf 84' lang='grc' dir='ltr'><strong><em>τερπνόν</em></strong></span> <span class='ocrx_word' id='word_1_26' title='bbox 924 616 966 646; x_wconf 86' lang='grc' dir='ltr'><strong><em>τι</em></strong></span> <span class='ocrx_word' id='word_1_27' title='bbox 995 602 1070 644; x_wconf 86' lang='grc' dir='ltr'><strong><em>καὶ</em></strong></span> <span class='ocrx_word' id='word_1_28' title='bbox 1100 602 1366 657; x_wconf 77' lang='grc' dir='ltr'><strong><em>κωμῳδικόν.</em></strong></span> 
     </span>
    </p>
   </div>
   <div class='ocr_carea' id='block_1_3' title="bbox 217 682 1925 813">
    <p class='ocr_par' dir='ltr' id='par_1_4' title="bbox 217 682 1925 813">
     <span class='ocr_line' id='line_1_6' title="bbox 217 682 1925 755; baseline 0.001 -13"><span class='ocrx_word' id='word_1_29' title='bbox 217 700 370 743; x_wconf 84' lang='lat' dir='ltr'>Nonne</span> <span class='ocrx_word' id='word_1_30' title='bbox 411 698 552 742; x_wconf 84' lang='lat' dir='ltr'><strong>sentis</strong></span> <span class='ocrx_word' id='word_1_31' title='bbox 593 698 650 742; x_wconf 86' lang='lat' dir='ltr'><strong><em>ad</em></strong></span> <span class='ocrx_word' id='word_1_32' title='bbox 691 699 964 752; x_wconf 74' lang='lat' dir='ltr'><strong>spectatores</strong></span> <span class='ocrx_word' id='word_1_33' title='bbox 1007 698 1090 741; x_wconf 92' lang='lat' dir='ltr'><strong><em>hoc</em></strong></span> <span class='ocrx_word' id='word_1_34' title='bbox 1130 710 1319 743; x_wconf 80' lang='lat' dir='ltr'><strong>scaenae</strong></span> <span class='ocrx_word' id='word_1_35' title='bbox 1359 682 1582 753; x_wconf 53' lang='lat' dir='ltr'><strong>seduentis</strong></span> <span class='ocrx_word' id='word_1_36' title='bbox 1624 699 1925 755; x_wconf 77' lang='lat' dir='ltr'><strong>argumentum</strong></span> 
     </span>
     <span class='ocr_line' id='line_1_7' title="bbox 219 768 593 813; baseline -0.003 -1"><span class='ocrx_word' id='word_1_37' title='bbox 219 769 431 813; x_wconf 87' lang='lat' dir='ltr'><strong>directum</strong></span> <span class='ocrx_word' id='word_1_38' title='bbox 461 768 593 813; x_wconf 79' lang='lat' dir='ltr'><strong>esse?</strong></span> 
     </span>
    </p>
   </div>
   <div class='ocr_carea' id='block_1_4' title="bbox 216 850 1924 1190">
    <p class='ocr_par' dir='ltr' id='par_1_5' title="bbox 216 850 1924 1190">
     <span class='ocr_line' id='line_1_8' title="bbox 358 850 1923 905; baseline 0.001 -11"><span class='ocrx_word' id='word_1_39' title='bbox 358 852 447 894; x_wconf 85' lang='lat' dir='ltr'><strong><em>Sed</em></strong></span> <span class='ocrx_word' id='word_1_40' title='bbox 476 864 533 895; x_wconf 85' lang='lat' dir='ltr'><strong>ne</strong></span> <span class='ocrx_word' id='word_1_41' title='bbox 564 851 736 895; x_wconf 90' lang='lat' dir='ltr'><strong>omnino</strong></span> <span class='ocrx_word' id='word_1_42' title='bbox 777 851 1120 905; x_wconf 76' lang='lat' dir='ltr'><strong>exspectationis</strong></span> <span class='ocrx_word' id='word_1_43' title='bbox 1150 851 1436 895; x_wconf 81' lang='lat' dir='ltr'><strong>incitamenta</strong></span> <span class='ocrx_word' id='word_1_44' title='bbox 1474 850 1522 894; x_wconf 90' lang='lat' dir='ltr'><strong><em>in</em></strong></span> <span class='ocrx_word' id='word_1_45' title='bbox 1562 851 1724 895; x_wconf 77' lang='lat' dir='ltr'><strong>fabulis</strong></span> <span class='ocrx_word' id='word_1_46' title='bbox 1755 851 1923 895; x_wconf 89' lang='lat' dir='ltr'><strong>Aristo-</strong></span> 
     </span>
     <span class='ocr_line' id='line_1_9' title="bbox 216 920 1923 978; baseline 0.001 -13"><span class='ocrx_word' id='word_1_47' title='bbox 216 920 399 977; x_wconf 87' lang='lat' dir='ltr'><strong>phaneis</strong></span> <span class='ocrx_word' id='word_1_48' title='bbox 439 920 585 966; x_wconf 88' lang='lat' dir='ltr'><strong>inesse</strong></span> <span class='ocrx_word' id='word_1_49' title='bbox 626 921 781 967; x_wconf 81' lang='lat' dir='ltr'><strong>videar</strong></span> <span class='ocrx_word' id='word_1_50' title='bbox 820 934 1006 978; x_wconf 82' lang='lat' dir='ltr'><strong>negare,</strong></span> <span class='ocrx_word' id='word_1_51' title='bbox 1053 921 1164 966; x_wconf 81' lang='lat' dir='ltr'><strong>satis</strong></span> <span class='ocrx_word' id='word_1_52' title='bbox 1204 921 1308 965; x_wconf 89' lang='lat' dir='ltr'><strong>mihi</strong></span> <span class='ocrx_word' id='word_1_53' title='bbox 1347 920 1435 965; x_wconf 83' lang='lat' dir='ltr'><strong><em>iam</em></strong></span> <span class='ocrx_word' id='word_1_54' title='bbox 1475 922 1621 967; x_wconf 77' lang='lat' dir='ltr'><strong>actum</strong></span> <span class='ocrx_word' id='word_1_55' title='bbox 1662 920 1721 966; x_wconf 87' lang='lat' dir='ltr'><strong><em>sit</em></strong></span> <span class='ocrx_word' id='word_1_56' title='bbox 1761 921 1815 966; x_wconf 88' lang='lat' dir='ltr'><strong>de</strong></span> <span class='ocrx_word' id='word_1_57' title='bbox 1854 921 1923 966; x_wconf 92' lang='lat' dir='ltr'><strong><em>his</em></strong></span> 
     </span>
     <span class='ocr_line' id='line_1_10' title="bbox 216 991 1924 1048; baseline 0 -11"><span class='ocrx_word' id='word_1_58' title='bbox 216 995 360 1047; x_wconf 88' lang='lat' dir='ltr'><strong>rebus,</strong></span> <span class='ocrx_word' id='word_1_59' title='bbox 392 995 523 1048; x_wconf 85' lang='lat' dir='ltr'><strong>atque</strong></span> <span class='ocrx_word' id='word_1_60' title='bbox 553 1005 670 1036; x_wconf 90' lang='lat' dir='ltr'><strong>nunc</strong></span> <span class='ocrx_word' id='word_1_61' title='bbox 701 992 872 1048; x_wconf 84' lang='lat' dir='ltr'><strong>quidem</strong></span> <span class='ocrx_word' id='word_1_62' title='bbox 902 1005 1066 1048; x_wconf 78' lang='lat' dir='ltr'><strong>paucos</strong></span> <span class='ocrx_word' id='word_1_63' title='bbox 1098 1005 1153 1036; x_wconf 87' lang='lat' dir='ltr'><strong>ex</strong></span> <span class='ocrx_word' id='word_1_64' title='bbox 1182 992 1329 1037; x_wconf 87' lang='lat' dir='ltr'><strong>multis</strong></span> <span class='ocrx_word' id='word_1_65' title='bbox 1360 991 1562 1036; x_wconf 86' lang='lat' dir='ltr'><strong>versibus</strong></span> <span class='ocrx_word' id='word_1_66' title='bbox 1594 992 1785 1047; x_wconf 81' lang='lat' dir='ltr'><strong>afferam,</strong></span> <span class='ocrx_word' id='word_1_67' title='bbox 1816 1005 1924 1047; x_wconf 87' lang='lat' dir='ltr'><strong>quos</strong></span> 
     </span>
     <span class='ocr_line' id='line_1_11' title="bbox 217 1063 1924 1120; baseline 0.001 -12"><span class='ocrx_word' id='word_1_68' title='bbox 217 1078 399 1109; x_wconf 88' lang='lat' dir='ltr'><strong>necesse</strong></span> <span class='ocrx_word' id='word_1_69' title='bbox 430 1064 515 1108; x_wconf 86' lang='lat' dir='ltr'><strong>fuit</strong></span> <span class='ocrx_word' id='word_1_70' title='bbox 544 1067 718 1120; x_wconf 83' lang='lat' dir='ltr'><strong>poetam</strong></span> <span class='ocrx_word' id='word_1_71' title='bbox 750 1065 808 1109; x_wconf 82' lang='lat' dir='ltr'><strong><em>ad</em></strong></span> <span class='ocrx_word' id='word_1_72' title='bbox 838 1064 1141 1119; x_wconf 80' lang='lat' dir='ltr'><strong>explicandum</strong></span> <span class='ocrx_word' id='word_1_73' title='bbox 1183 1063 1367 1108; x_wconf 78' lang='lat' dir='ltr'><strong>actionis</strong></span> <span class='ocrx_word' id='word_1_74' title='bbox 1407 1075 1687 1120; x_wconf 80' lang='lat' dir='ltr'><strong>progressum</strong></span> <span class='ocrx_word' id='word_1_75' title='bbox 1717 1063 1924 1109; x_wconf 86' lang='lat' dir='ltr'><strong>inserere.</strong></span> 
     </span>
     <span class='ocr_line' id='line_1_12' title="bbox 217 1134 1165 1190; baseline 0 -11"><span class='ocrx_word' id='word_1_76' title='bbox 217 1136 396 1179; x_wconf 86' lang='lat' dir='ltr'><strong>Illorum</strong></span> <span class='ocrx_word' id='word_1_77' title='bbox 426 1148 594 1190; x_wconf 87' lang='lat' dir='ltr'><strong>quoque</strong></span> <span class='ocrx_word' id='word_1_78' title='bbox 625 1134 767 1179; x_wconf 80' lang='lat' dir='ltr'><strong>forma</strong></span> <span class='ocrx_word' id='word_1_79' title='bbox 797 1134 1055 1190; x_wconf 82' lang='lat' dir='ltr'><strong>exquisitior</strong></span> <span class='ocrx_word' id='word_1_80' title='bbox 1084 1136 1165 1179; x_wconf 83' lang='lat' dir='ltr'><strong>est.</strong></span> 
     </span>
    </p>
   </div>
   <div class='ocr_carea' id='block_1_5' title="bbox 372 1227 1769 1710">
    <p class='ocr_par' dir='ltr' id='par_1_6' title="bbox 433 1227 1768 1566">
     <span class='ocr_line' id='line_1_13' title="bbox 434 1227 1737 1287; baseline 0 -16"><span class='ocrx_word' id='word_1_81' title='bbox 434 1227 682 1287; x_wconf 67' lang='grc' dir='ltr'><strong><em>ἔκστρεψον</em></strong></span> <span class='ocrx_word' id='word_1_82' title='bbox 703 1229 758 1278; x_wconf 84' lang='grc' dir='ltr'><strong><em>ὥς</em></strong></span> <span class='ocrx_word' id='word_1_83' title='bbox 779 1230 972 1284; x_wconf 82' lang='grc' dir='ltr'><strong><em>τάχιστα</em></strong></span> <span class='ocrx_word' id='word_1_84' title='bbox 992 1229 1095 1279; x_wconf 81' lang='grc' dir='ltr'><strong><em>τούς</em></strong></span> <span class='ocrx_word' id='word_1_85' title='bbox 1116 1232 1286 1272; x_wconf 82' lang='grc' dir='ltr'><strong><em>σαυτοῦ</em></strong></span> <span class='ocrx_word' id='word_1_86' title='bbox 1305 1228 1499 1285; x_wconf 83' lang='grc' dir='ltr'><strong><em>τρόπους</em></strong></span> <span class='ocrx_word' id='word_1_87' title='bbox 1539 1230 1648 1273; x_wconf 88' lang='lat' dir='ltr'>Nub.</span> <span class='ocrx_word' id='word_1_88' title='bbox 1680 1229 1737 1272; x_wconf 83' lang='lat'><strong><em>88</em></strong></span> 
     </span>
     <span class='ocr_line' id='line_1_14' title="bbox 433 1299 1418 1356; baseline 0.003 -15"><span class='ocrx_word' id='word_1_89' title='bbox 433 1300 508 1342; x_wconf 89' lang='grc' dir='ltr'><strong><em>καὶ</em></strong></span> <span class='ocrx_word' id='word_1_90' title='bbox 536 1299 736 1355; x_wconf 77' lang='grc' dir='ltr'><strong><em>μάνθαν’</em></strong></span> <span class='ocrx_word' id='word_1_91' title='bbox 769 1299 918 1342; x_wconf 75' lang='grc' dir='ltr'><strong><em>ἐλθὼν</em></strong></span> <span class='ocrx_word' id='word_1_92' title='bbox 949 1299 1006 1342; x_wconf 77' lang='grc' dir='ltr'><strong><em>ἃν</em></strong></span> <span class='ocrx_word' id='word_1_93' title='bbox 1037 1300 1116 1355; x_wconf 70' lang='grc' dir='ltr'><strong><em>ἐγὼ</em></strong></span> <span class='ocrx_word' id='word_1_94' title='bbox 1149 1299 1418 1356; x_wconf 80' lang='grc' dir='ltr'><strong><em>παραινέσω.</em></strong></span> 
     </span>
     <span class='ocr_line' id='line_1_15' title="bbox 434 1366 1768 1427; baseline 0 -15"><span class='ocrx_word' id='word_1_95' title='bbox 434 1370 558 1425; x_wconf 81' lang='grc' dir='ltr'><em>ἡμεῖς</em></span> <span class='ocrx_word' id='word_1_96' title='bbox 587 1369 670 1424; x_wconf 78' lang='grc' dir='ltr'><strong><em>μὲν</em></strong></span> <span class='ocrx_word' id='word_1_97' title='bbox 701 1366 735 1412; x_wconf 72' lang='grc' dir='ltr'><strong><em>ὦ</em></strong></span> <span class='ocrx_word' id='word_1_98' title='bbox 763 1373 995 1427; x_wconf 81' lang='grc' dir='ltr'><strong><em>πρεσβῦτα</em></strong></span> <span class='ocrx_word' id='word_1_99' title='bbox 1027 1370 1395 1426; x_wconf 84' lang='grc' dir='ltr'><strong><em>συμβουλεύομεν,</em></strong></span> <span class='ocrx_word' id='word_1_100' title='bbox 1539 1371 1653 1416; x_wconf 87' lang='lat' dir='ltr'><strong>Nub.</strong></span> <span class='ocrx_word' id='word_1_101' title='bbox 1683 1369 1768 1413; x_wconf 87' lang='lat'><strong><em>794</em></strong></span> 
     </span>
     <span class='ocr_line' id='line_1_16' title="bbox 435 1439 1351 1496; baseline 0 -14"><span class='ocrx_word' id='word_1_102' title='bbox 435 1441 483 1483; x_wconf 88' lang='grc' dir='ltr'><strong><em>εἴ</em></strong></span> <span class='ocrx_word' id='word_1_103' title='bbox 505 1444 582 1483; x_wconf 89' lang='grc' dir='ltr'><strong><em>σοί</em></strong></span> <span class='ocrx_word' id='word_1_104' title='bbox 608 1457 672 1490; x_wconf 90' lang='grc' dir='ltr'><strong><em>τις</em></strong></span> <span class='ocrx_word' id='word_1_105' title='bbox 702 1440 799 1491; x_wconf 75' lang='grc' dir='ltr'><strong><em>υἱός</em></strong></span> <span class='ocrx_word' id='word_1_106' title='bbox 829 1439 951 1484; x_wconf 76' lang='grc' dir='ltr'><strong><em>ἔστιν</em></strong></span> <span class='ocrx_word' id='word_1_107' title='bbox 981 1440 1351 1496; x_wconf 71' lang='grc' dir='ltr'><strong><em>ἐκτεθραμμένος,</em></strong></span> 
     </span>
     <span class='ocr_line' id='line_1_17' title="bbox 433 1510 1460 1566; baseline 0.003 -12"><span class='ocrx_word' id='word_1_108' title='bbox 433 1513 630 1566; x_wconf 81' lang='grc' dir='ltr'><strong><em>πέμπειν</em></strong></span> <span class='ocrx_word' id='word_1_109' title='bbox 660 1511 827 1555; x_wconf 78' lang='grc' dir='ltr'><strong><em>ἐκεῖνον</em></strong></span> <span class='ocrx_word' id='word_1_110' title='bbox 858 1511 960 1554; x_wconf 78' lang='grc' dir='ltr'><strong><em>ἀντὶ</em></strong></span> <span class='ocrx_word' id='word_1_111' title='bbox 992 1511 1161 1554; x_wconf 83' lang='grc' dir='ltr'><strong><em>σαύτοῦ</em></strong></span> <span class='ocrx_word' id='word_1_112' title='bbox 1190 1510 1460 1565; x_wconf 75' lang='grc' dir='ltr'><strong><em>μᾶνθάνειν.</em></strong></span> 
     </span>
    </p>

    <p class='ocr_par' dir='ltr' id='par_1_7' title="bbox 372 1579 1769 1710">
     <span class='ocr_line' id='line_1_18' title="bbox 372 1579 1011 1637; baseline 0.006 -14"><span class='ocrx_word' id='word_1_113' title='bbox 372 1620 419 1624; x_wconf 69' lang='grc'>-</span> <span class='ocrx_word' id='word_1_114' title='bbox 432 1581 529 1623; x_wconf 79' lang='grc' dir='ltr'><strong><em>ἀλλ’</em></strong></span> <span class='ocrx_word' id='word_1_115' title='bbox 561 1579 653 1624; x_wconf 79' lang='grc' dir='ltr'><strong><em>ἔστ’</em></strong></span> <span class='ocrx_word' id='word_1_116' title='bbox 682 1579 829 1637; x_wconf 59' lang='grc' dir='ltr'><strong><em>ἔμοιγε</em></strong></span> <span class='ocrx_word' id='word_1_117' title='bbox 858 1600 894 1627; x_wconf 89' lang='grc' dir='ltr'><strong><em>κ.</em></strong></span> <span class='ocrx_word' id='word_1_118' title='bbox 915 1598 952 1627; x_wconf 94' lang='grc' dir='ltr'><strong><em>τ.</em></strong></span> <span class='ocrx_word' id='word_1_119' title='bbox 974 1581 1011 1627; x_wconf 90' lang='grc' dir='ltr'><strong><em>λ.</em></strong></span> 
     </span>
     <span class='ocr_line' id='line_1_19' title="bbox 432 1649 1769 1710; baseline 0.001 -13"><span class='ocrx_word' id='word_1_120' title='bbox 432 1652 567 1702; x_wconf 79' lang='grc' dir='ltr'><strong><em>αὐτὸς</em></strong></span> <span class='ocrx_word' id='word_1_121' title='bbox 595 1653 860 1710; x_wconf 78' lang='grc' dir='ltr'><strong><em>μαθήσεται</em></strong></span> <span class='ocrx_word' id='word_1_122' title='bbox 891 1649 999 1710; x_wconf 78' lang='grc' dir='ltr'><strong><em>πὰρ’</em></strong></span> <span class='ocrx_word' id='word_1_123' title='bbox 1030 1652 1186 1696; x_wconf 80' lang='grc' dir='ltr'><strong><em>αὐτοῖν</em></strong></span> <span class='ocrx_word' id='word_1_124' title='bbox 1215 1654 1312 1696; x_wconf 88' lang='grc' dir='ltr'><strong><em>τοῖν</em></strong></span> <span class='ocrx_word' id='word_1_125' title='bbox 1341 1652 1501 1709; x_wconf 80' lang='grc' dir='ltr'><strong><em>λόγοιν.</em></strong></span> <span class='ocrx_word' id='word_1_126' title='bbox 1539 1654 1650 1698; x_wconf 92' lang='lat' dir='ltr'><strong>Nub.</strong></span> <span class='ocrx_word' id='word_1_127' title='bbox 1683 1652 1769 1698; x_wconf 83' lang='lat'><strong><em>886</em></strong></span> 
     </span>
    </p>
   </div>
   <div class='ocr_carea' id='block_1_6' title="bbox 294 1721 578 1726">
    <p class='ocr_par' dir='ltr' id='par_1_8' title="bbox 294 1721 578 1726">
     <span class='ocr_line' id='line_1_20' title="bbox 294 1721 578 1726; baseline 0 0"><span class='ocrx_word' id='word_1_128' title='bbox 294 1721 578 1726; x_wconf 95' lang='lat' dir='ltr'><strong><em> </em></strong></span> 
     </span>
    </p>
   </div>
   <div class='ocr_carea' id='block_1_7' title="bbox 395 1740 1795 2369">
    <p class='ocr_par' dir='ltr' id='par_1_9' title="bbox 431 1740 1764 1806">
     <span class='ocr_line' id='line_1_21' title="bbox 431 1740 1764 1806; baseline 0.001 -14"><span class='ocrx_word' id='word_1_129' title='bbox 431 1749 580 1806; x_wconf 82' lang='grc' dir='ltr'><strong><em>σαφής</em></strong></span> <span class='ocrx_word' id='word_1_130' title='bbox 609 1747 645 1803; x_wconf 86' lang='grc' dir='ltr'><strong><em>γ’</em></strong></span> <span class='ocrx_word' id='word_1_131' title='bbox 667 1747 690 1790; x_wconf 86' lang='grc' dir='ltr'><em>ὃ</em></span> <span class='ocrx_word' id='word_1_132' title='bbox 713 1747 909 1806; x_wconf 84' lang='grc' dir='ltr'><strong><em>χρησμὸς</em></strong></span> <span class='ocrx_word' id='word_1_133' title='bbox 938 1748 990 1805; x_wconf 85' lang='grc' dir='ltr'><strong><em>νὴ</em></strong></span> <span class='ocrx_word' id='word_1_134' title='bbox 1014 1747 1101 1794; x_wconf 89' lang='grc' dir='ltr'><strong><em>Δί’.</em></strong></span> <span class='ocrx_word' id='word_1_135' title='bbox 1134 1740 1168 1791; x_wconf 76' lang='grc' dir='ltr'><em>ὦ</em></span> <span class='ocrx_word' id='word_1_136' title='bbox 1190 1748 1359 1798; x_wconf 82' lang='grc' dir='ltr'><strong><em>πάντες</em></strong></span> <span class='ocrx_word' id='word_1_137' title='bbox 1380 1751 1501 1802; x_wconf 84' lang='grc' dir='ltr'><strong><em>θεοί,</em></strong></span> <span class='ocrx_word' id='word_1_138' title='bbox 1541 1749 1646 1805; x_wconf 83' lang='lat' dir='ltr'><strong>Lys.</strong></span> <span class='ocrx_word' id='word_1_139' title='bbox 1679 1748 1764 1792; x_wconf 90' lang='lat'><strong><em>777</em></strong></span> 
     </span>
    </p>

    <p class='ocr_par' dir='ltr' id='par_1_10' title="bbox 429 1819 1362 1876">
     <span class='ocr_line' id='line_1_22' title="bbox 429 1819 1362 1876; baseline -0.001 -13"><span class='ocrx_word' id='word_1_140' title='bbox 429 1820 493 1876; x_wconf 85' lang='grc' dir='ltr'><strong><em>μή</em></strong></span> <span class='ocrx_word' id='word_1_141' title='bbox 522 1836 603 1864; x_wconf 89' lang='grc' dir='ltr'><strong><em>νυν</em></strong></span> <span class='ocrx_word' id='word_1_142' title='bbox 634 1820 899 1874; x_wconf 80' lang='grc' dir='ltr'><strong><em>ἀπείπωμεν</em></strong></span> <span class='ocrx_word' id='word_1_143' title='bbox 928 1819 1362 1874; x_wconf 81' lang='grc' dir='ltr'><strong><em>ταλαιπωρούμεναι,</em></strong></span> 
     </span>
    </p>

    <p class='ocr_par' dir='ltr' id='par_1_11' title="bbox 433 1888 1418 1946">
     <span class='ocr_line' id='line_1_23' title="bbox 433 1888 1418 1946; baseline 0 -13"><span class='ocrx_word' id='word_1_144' title='bbox 433 1890 529 1933; x_wconf 80' lang='grc' dir='ltr'><strong><em>ἀλλ’</em></strong></span> <span class='ocrx_word' id='word_1_145' title='bbox 561 1889 777 1945; x_wconf 80' lang='grc' dir='ltr'><strong><em>εἰσίωμεν.</em></strong></span> <span class='ocrx_word' id='word_1_146' title='bbox 807 1891 883 1932; x_wconf 82' lang='grc' dir='ltr'><strong><em>καὶ</em></strong></span> <span class='ocrx_word' id='word_1_147' title='bbox 912 1890 995 1946; x_wconf 78' lang='grc' dir='ltr'><strong><em>γὰρ</em></strong></span> <span class='ocrx_word' id='word_1_148' title='bbox 1027 1888 1213 1946; x_wconf 81' lang='grc' dir='ltr'><strong><em>αἰσχρὰν</em></strong></span> <span class='ocrx_word' id='word_1_149' title='bbox 1242 1891 1418 1933; x_wconf 82' lang='grc' dir='ltr'><strong><em>τουτονὶ</em></strong></span> 
     </span>
    </p>

    <p class='ocr_par' dir='ltr' id='par_1_12' title="bbox 435 1958 1464 2018">
     <span class='ocr_line' id='line_1_24' title="bbox 435 1958 1464 2018; baseline 0.001 -14"><span class='ocrx_word' id='word_1_150' title='bbox 435 1958 469 2003; x_wconf 75' lang='grc' dir='ltr'><em>ὦ</em></span> <span class='ocrx_word' id='word_1_151' title='bbox 502 1961 714 2018; x_wconf 82' lang='grc' dir='ltr'><strong><em>φίλταται</em></strong></span> <span class='ocrx_word' id='word_1_152' title='bbox 743 1960 823 2003; x_wconf 84' lang='grc' dir='ltr'><strong><em>τὸν</em></strong></span> <span class='ocrx_word' id='word_1_153' title='bbox 853 1960 1053 2018; x_wconf 80' lang='grc' dir='ltr'><strong><em>χρησμὸν</em></strong></span> <span class='ocrx_word' id='word_1_154' title='bbox 1085 1958 1126 2002; x_wconf 82' lang='grc' dir='ltr'><strong><em>εἰ</em></strong></span> <span class='ocrx_word' id='word_1_155' title='bbox 1154 1960 1464 2016; x_wconf 73' lang='grc' dir='ltr'><strong><em>προδώσομεν.</em></strong></span> 
     </span>
    </p>

    <p class='ocr_par' dir='ltr' id='par_1_13' title="bbox 964 2023 1795 2087">
     <span class='ocr_line' id='line_1_25' title="bbox 964 2023 1795 2087; baseline -0.001 -11"><span class='ocrx_word' id='word_1_156' title='bbox 964 2065 974 2076; x_wconf 91' lang='grc'><strong><em>.</em></strong></span> <span class='ocrx_word' id='word_1_157' title='bbox 994 2065 1006 2076; x_wconf 91' lang='grc'><strong><em>.</em></strong></span> <span class='ocrx_word' id='word_1_158' title='bbox 1036 2030 1151 2087; x_wconf 74' lang='grc' dir='ltr'><strong><em>ὑμᾶς</em></strong></span> <span class='ocrx_word' id='word_1_159' title='bbox 1183 2023 1230 2073; x_wconf 72' lang='grc' dir='ltr'><strong><em>ἓν</em></strong></span> <span class='ocrx_word' id='word_1_160' title='bbox 1260 2030 1392 2075; x_wconf 86' lang='grc' dir='ltr'><strong><em>πόλει</em></strong></span> <span class='ocrx_word' id='word_1_161' title='bbox 1543 2032 1647 2086; x_wconf 83' lang='lat' dir='ltr'><strong>Lys.</strong></span> <span class='ocrx_word' id='word_1_162' title='bbox 1680 2031 1795 2075; x_wconf 82' lang='lat'>1183</span> 
     </span>
    </p>

    <p class='ocr_par' dir='ltr' id='par_1_14' title="bbox 395 2096 1403 2158">
     <span class='ocr_line' id='line_1_26' title="bbox 395 2096 1403 2158; baseline -0.002 -12"><span class='ocrx_word' id='word_1_163' title='bbox 395 2104 418 2130; x_wconf 89' lang='lat'><strong>*</strong></span> <span class='ocrx_word' id='word_1_164' title='bbox 432 2105 672 2158; x_wconf 82' lang='grc' dir='ltr'><strong><em>ξενίσωμεν</em></strong></span> <span class='ocrx_word' id='word_1_165' title='bbox 703 2096 765 2145; x_wconf 81' lang='grc' dir='ltr'><strong><em>ὧν</em></strong></span> <span class='ocrx_word' id='word_1_166' title='bbox 796 2101 844 2145; x_wconf 74' lang='grc' dir='ltr'><strong><em>ἓν</em></strong></span> <span class='ocrx_word' id='word_1_167' title='bbox 873 2103 996 2144; x_wconf 80' lang='grc' dir='ltr'><strong><em>ταῖσι</em></strong></span> <span class='ocrx_word' id='word_1_168' title='bbox 1025 2104 1195 2151; x_wconf 82' lang='grc' dir='ltr'><strong><em>κίσταις</em></strong></span> <span class='ocrx_word' id='word_1_169' title='bbox 1227 2101 1403 2157; x_wconf 82' lang='grc' dir='ltr'><strong><em>εἴχομεν</em></strong></span> 
     </span>
    </p>

    <p class='ocr_par' dir='ltr' id='par_1_15' title="bbox 432 2170 1443 2231">
     <span class='ocr_line' id='line_1_27' title="bbox 432 2170 1443 2231; baseline 0 -15"><span class='ocrx_word' id='word_1_170' title='bbox 432 2170 585 2231; x_wconf 71' lang='grc' dir='ltr'><strong><em>ὅρκους</em></strong></span> <span class='ocrx_word' id='word_1_171' title='bbox 615 2173 656 2217; x_wconf 84' lang='grc' dir='ltr'><strong><em>δ’</em></strong></span> <span class='ocrx_word' id='word_1_172' title='bbox 688 2173 782 2215; x_wconf 78' lang='grc' dir='ltr'><strong><em>ἐκεῖ</em></strong></span> <span class='ocrx_word' id='word_1_173' title='bbox 804 2174 877 2216; x_wconf 70' lang='grc' dir='ltr'><strong><em>καὶ</em></strong></span> <span class='ocrx_word' id='word_1_174' title='bbox 909 2176 1068 2216; x_wconf 90' lang='grc' dir='ltr'><strong><em>πίστιν</em></strong></span> <span class='ocrx_word' id='word_1_175' title='bbox 1099 2172 1308 2229; x_wconf 77' lang='grc' dir='ltr'><strong><em>ἀλλήλοις</em></strong></span> <span class='ocrx_word' id='word_1_176' title='bbox 1338 2173 1443 2217; x_wconf 81' lang='grc' dir='ltr'><strong><em>δότε</em></strong></span> 
     </span>
    </p>

    <p class='ocr_par' dir='ltr' id='par_1_16' title="bbox 431 2238 1433 2303">
     <span class='ocr_line' id='line_1_28' title="bbox 431 2238 1433 2303; baseline -0.001 -15"><span class='ocrx_word' id='word_1_177' title='bbox 431 2243 622 2303; x_wconf 85' lang='grc' dir='ltr'><strong><em>κῆπειτα</em></strong></span> <span class='ocrx_word' id='word_1_178' title='bbox 651 2246 733 2302; x_wconf 87' lang='grc' dir='ltr'><strong><em>τὴν</em></strong></span> <span class='ocrx_word' id='word_1_179' title='bbox 763 2238 913 2288; x_wconf 60' lang='grc' dir='ltr'><strong><em>αὐτοῦ’</em></strong></span> <span class='ocrx_word' id='word_1_180' title='bbox 931 2243 1098 2300; x_wconf 82' lang='grc' dir='ltr'><strong><em>γυναῖχ’</em></strong></span> <span class='ocrx_word' id='word_1_181' title='bbox 1128 2243 1252 2301; x_wconf 79' lang='grc' dir='ltr'><strong><em>ὑμῶν</em></strong></span> <span class='ocrx_word' id='word_1_182' title='bbox 1282 2244 1433 2302; x_wconf 74' lang='grc' dir='ltr'><strong><em>λαβὼν</em></strong></span> 
     </span>
    </p>

    <p class='ocr_par' dir='ltr' id='par_1_17' title="bbox 431 2311 1447 2369">
     <span class='ocr_line' id='line_1_29' title="bbox 431 2311 1447 2369; baseline 0.002 -13"><span class='ocrx_word' id='word_1_183' title='bbox 431 2313 584 2358; x_wconf 55' lang='lat' dir='ltr'><strong><em>lineat?</em></strong></span> <span class='ocrx_word' id='word_1_184' title='bbox 614 2311 812 2365; x_wconf 67' lang='grc' dir='ltr'><strong><em>ἕκαστος.</em></strong></span> <span class='ocrx_word' id='word_1_185' title='bbox 842 2336 890 2356; x_wconf 63' lang='grc'><strong>-.-·’</strong></span> <span class='ocrx_word' id='word_1_186' title='bbox 922 2313 1019 2356; x_wconf 78' lang='grc' dir='ltr'><strong><em>ἀλλ’</em></strong></span> <span class='ocrx_word' id='word_1_187' title='bbox 1051 2315 1183 2369; x_wconf 85' lang='grc' dir='ltr'><strong><em>ἴωμεν</em></strong></span> <span class='ocrx_word' id='word_1_188' title='bbox 1214 2315 1270 2364; x_wconf 80' lang='grc' dir='ltr'><strong><em>ὥς</em></strong></span> <span class='ocrx_word' id='word_1_189' title='bbox 1298 2314 1447 2369; x_wconf 76' lang='grc' dir='ltr'><strong><em>τάχος.</em></strong></span> 
     </span>
    </p>
   </div>
   <div class='ocr_carea' id='block_1_8' title="bbox 289 2381 575 2386">
    <p class='ocr_par' dir='ltr' id='par_1_18' title="bbox 289 2381 575 2386">
     <span class='ocr_line' id='line_1_30' title="bbox 289 2381 575 2386; baseline 0 0"><span class='ocrx_word' id='word_1_190' title='bbox 289 2381 575 2386; x_wconf 95' lang='lat' dir='ltr'><strong><em> </em></strong></span> 
     </span>
    </p>
   </div>
   <div class='ocr_carea' id='block_1_9' title="bbox 433 2406 1771 2535">
    <p class='ocr_par' dir='ltr' id='par_1_19' title="bbox 433 2406 1771 2535">
     <span class='ocr_line' id='line_1_31' title="bbox 434 2406 1771 2465; baseline 0.001 -14"><span class='ocrx_word' id='word_1_191' title='bbox 434 2408 514 2464; x_wconf 76' lang='grc' dir='ltr'><strong><em>ἐγώ</em></strong></span> <span class='ocrx_word' id='word_1_192' title='bbox 546 2410 598 2453; x_wconf 79' lang='grc' dir='ltr'><strong><em>δέ</em></strong></span> <span class='ocrx_word' id='word_1_193' title='bbox 628 2407 664 2463; x_wconf 87' lang='grc' dir='ltr'><strong><em>γ’</em></strong></span> <span class='ocrx_word' id='word_1_194' title='bbox 695 2408 909 2465; x_wconf 81' lang='grc' dir='ltr'><strong><em>εὐξαίμην</em></strong></span> <span class='ocrx_word' id='word_1_195' title='bbox 940 2406 998 2451; x_wconf 74' lang='grc' dir='ltr'><strong><em>ἄν</em></strong></span> <span class='ocrx_word' id='word_1_196' title='bbox 1029 2408 1228 2463; x_wconf 77' lang='grc' dir='ltr'><strong><em>ἐντυχεῖν</em></strong></span> <span class='ocrx_word' id='word_1_197' title='bbox 1256 2424 1341 2453; x_wconf 89' lang='grc' dir='ltr'><strong><em>τινι</em></strong></span> <span class='ocrx_word' id='word_1_198' title='bbox 1407 2427 1411 2429; x_wconf 95' lang='grc'><strong><em>·</em></strong></span> <span class='ocrx_word' id='word_1_199' title='bbox 1542 2410 1653 2453; x_wconf 81' lang='lat' dir='ltr'><strong>Rau.</strong></span> <span class='ocrx_word' id='word_1_200' title='bbox 1685 2409 1771 2465; x_wconf 79' lang='grc'><strong><em>283</em></strong></span> 
     </span>
     <span class='ocr_line' id='line_1_32' title="bbox 433 2475 1398 2535; baseline 0.002 -15"><span class='ocrx_word' id='word_1_201' title='bbox 433 2477 589 2535; x_wconf 66' lang='grc' dir='ltr'><strong><em>λαβεῖν</em></strong></span> <span class='ocrx_word' id='word_1_202' title='bbox 618 2476 656 2520; x_wconf 84' lang='grc' dir='ltr'><strong><em>τ’</em></strong></span> <span class='ocrx_word' id='word_1_203' title='bbox 688 2475 898 2533; x_wconf 79' lang='grc' dir='ltr'><strong><em>ἀγώνισμ’</em></strong></span> <span class='ocrx_word' id='word_1_204' title='bbox 928 2475 1061 2529; x_wconf 79' lang='grc' dir='ltr'><strong><em>ἄξιόν</em></strong></span> <span class='ocrx_word' id='word_1_205' title='bbox 1090 2493 1133 2521; x_wconf 86' lang='grc' dir='ltr'><strong><em>τι</em></strong></span> <span class='ocrx_word' id='word_1_206' title='bbox 1164 2480 1243 2534; x_wconf 84' lang='grc' dir='ltr'><strong><em>τῆς</em></strong></span> <span class='ocrx_word' id='word_1_207' title='bbox 1276 2477 1398 2522; x_wconf 82' lang='grc' dir='ltr'><strong><em>ὀδοῦ.</em></strong></span> 
     </span>
    </p>
   </div>
   <div class='ocr_carea' id='block_1_10' title="bbox 296 2543 580 2550">
    <p class='ocr_par' dir='ltr' id='par_1_20' title="bbox 296 2543 580 2550">
     <span class='ocr_line' id='line_1_33' title="bbox 296 2543 580 2550; baseline 0 854"><span class='ocrx_word' id='word_1_208' title='bbox 296 2543 580 2550; x_wconf 95' lang='lat' dir='ltr'><strong><em> </em></strong></span> 
     </span>
    </p>
   </div>
   <div class='ocr_carea' id='block_1_11' title="bbox 395 2569 1779 2915">
    <p class='ocr_par' dir='ltr' id='par_1_21' title="bbox 395 2569 1779 2703">
     <span class='ocr_line' id='line_1_34' title="bbox 433 2569 1779 2629; baseline 0.001 -14"><span class='ocrx_word' id='word_1_209' title='bbox 433 2572 514 2629; x_wconf 74' lang='grc' dir='ltr'><strong><em>ἐγὼ</em></strong></span> <span class='ocrx_word' id='word_1_210' title='bbox 546 2572 599 2617; x_wconf 78' lang='grc' dir='ltr'><strong><em>δὲ</em></strong></span> <span class='ocrx_word' id='word_1_211' title='bbox 628 2572 703 2615; x_wconf 82' lang='grc' dir='ltr'><strong><em>καὶ</em></strong></span> <span class='ocrx_word' id='word_1_212' title='bbox 734 2571 791 2614; x_wconf 82' lang='grc' dir='ltr'><strong><em>σύ</em></strong></span> <span class='ocrx_word' id='word_1_213' title='bbox 821 2569 858 2626; x_wconf 83' lang='grc' dir='ltr'><strong><em>γ’</em></strong></span> <span class='ocrx_word' id='word_1_214' title='bbox 888 2570 944 2622; x_wconf 78' lang='grc' dir='ltr'><strong><em>ὥς</em></strong></span> <span class='ocrx_word' id='word_1_215' title='bbox 973 2571 1169 2628; x_wconf 78' lang='grc' dir='ltr'><strong><em>τάχιστα</em></strong></span> <span class='ocrx_word' id='word_1_216' title='bbox 1199 2571 1280 2617; x_wconf 80' lang='grc' dir='ltr'><strong><em>τόν</em></strong></span> <span class='ocrx_word' id='word_1_217' title='bbox 1309 2571 1424 2616; x_wconf 81' lang='grc' dir='ltr'><strong><em>θεὸν</em></strong></span> <span class='ocrx_word' id='word_1_218' title='bbox 1545 2573 1660 2617; x_wconf 74' lang='lat' dir='ltr'><strong>Plut.</strong></span> <span class='ocrx_word' id='word_1_219' title='bbox 1692 2571 1779 2617; x_wconf 82' lang='grc'><strong><em>620</em></strong></span> 
     </span>
     <span class='ocr_line' id='line_1_35' title="bbox 395 2638 1399 2703; baseline 0.003 -17"><span class='ocrx_word' id='word_1_220' title='bbox 395 2642 419 2667; x_wconf 90' lang='grc'>*</span> <span class='ocrx_word' id='word_1_221' title='bbox 432 2640 806 2700; x_wconf 78' lang='grc' dir='ltr'><strong><em>ἐγκατακλινοῦντ’</em></strong></span> <span class='ocrx_word' id='word_1_222' title='bbox 838 2638 1009 2698; x_wconf 74' lang='grc' dir='ltr'><strong><em>ἄγωμεν</em></strong></span> <span class='ocrx_word' id='word_1_223' title='bbox 1039 2641 1100 2694; x_wconf 83' lang='grc' dir='ltr'><strong><em>εἷς</em></strong></span> <span class='ocrx_word' id='word_1_224' title='bbox 1126 2643 1399 2703; x_wconf 77' lang='grc' dir='ltr'><strong><em>Ἀσκληπιοῦ.</em></strong></span> 
     </span>
    </p>

    <p class='ocr_par' dir='ltr' id='par_1_22' title="bbox 432 2711 1779 2773">
     <span class='ocr_line' id='line_1_36' title="bbox 432 2711 1779 2773; baseline 0 -15"><span class='ocrx_word' id='word_1_225' title='bbox 432 2716 526 2758; x_wconf 84' lang='grc' dir='ltr'><strong><em>παῖ’</em></strong></span> <span class='ocrx_word' id='word_1_226' title='bbox 539 2716 715 2767; x_wconf 80' lang='grc' dir='ltr'><strong><em>Καρίων</em></strong></span> <span class='ocrx_word' id='word_1_227' title='bbox 744 2711 802 2756; x_wconf 77' lang='grc' dir='ltr'><strong><em>τὰ</em></strong></span> <span class='ocrx_word' id='word_1_228' title='bbox 834 2713 1057 2770; x_wconf 75' lang='grc' dir='ltr'><strong><em>στρώματ’</em></strong></span> <span class='ocrx_word' id='word_1_229' title='bbox 1088 2714 1290 2771; x_wconf 75' lang='grc' dir='ltr'><strong><em>ἐκφέρειν</em></strong></span> <span class='ocrx_word' id='word_1_230' title='bbox 1320 2714 1362 2759; x_wconf 75' lang='grc' dir='ltr'><strong><em>’σ’</em></strong></span> <span class='ocrx_word' id='word_1_231' title='bbox 1383 2714 1517 2773; x_wconf 77' lang='grc' dir='ltr'><strong><em>ἐχρῆν</em></strong></span> <span class='ocrx_word' id='word_1_232' title='bbox 1546 2715 1660 2760; x_wconf 81' lang='lat' dir='ltr'><strong>Plut.</strong></span> <span class='ocrx_word' id='word_1_233' title='bbox 1692 2714 1779 2758; x_wconf 79' lang='lat'><strong><em>624</em></strong></span> 
     </span>
    </p>

    <p class='ocr_par' dir='ltr' id='par_1_23' title="bbox 433 2782 1512 2842">
     <span class='ocr_line' id='line_1_37' title="bbox 433 2782 1512 2842; baseline 0.003 -16"><span class='ocrx_word' id='word_1_234' title='bbox 433 2784 570 2828; x_wconf 81' lang='grc' dir='ltr'><strong><em>αὐτόν</em></strong></span> <span class='ocrx_word' id='word_1_235' title='bbox 599 2782 638 2827; x_wconf 83' lang='grc' dir='ltr'><strong><em>τ’</em></strong></span> <span class='ocrx_word' id='word_1_236' title='bbox 669 2782 788 2840; x_wconf 76' lang='grc' dir='ltr'><strong><em>ἄγειν</em></strong></span> <span class='ocrx_word' id='word_1_237' title='bbox 803 2783 899 2827; x_wconf 83' lang='grc' dir='ltr'><strong><em>’τὸν</em></strong></span> <span class='ocrx_word' id='word_1_238' title='bbox 928 2783 1149 2842; x_wconf 83' lang='grc' dir='ltr'><strong><em>Πλοῦτον,</em></strong></span> <span class='ocrx_word' id='word_1_239' title='bbox 1181 2785 1243 2842; x_wconf 26' lang='grc' dir='ltr'><strong><em>ὥς,</em></strong></span> <span class='ocrx_word' id='word_1_240' title='bbox 1267 2786 1512 2840; x_wconf 82' lang='grc' dir='ltr'><strong><em>νομίζεται,</em></strong></span> 
     </span>
    </p>

    <p class='ocr_par' dir='ltr' id='par_1_24' title="bbox 432 2849 1450 2915">
     <span class='ocr_line' id='line_1_38' title="bbox 432 2849 1450 2915; baseline 0.002 -17"><span class='ocrx_word' id='word_1_241' title='bbox 432 2855 507 2898; x_wconf 80' lang='grc' dir='ltr'><strong><em>καὶ</em></strong></span> <span class='ocrx_word' id='word_1_242' title='bbox 536 2852 661 2897; x_wconf 82' lang='grc' dir='ltr'><strong><em>τᾶλλ’</em></strong></span> <span class='ocrx_word' id='word_1_243' title='bbox 693 2849 762 2897; x_wconf 68' lang='lat'><strong><em>30⁹⁹</em></strong></span> <span class='ocrx_word' id='word_1_244' title='bbox 792 2852 917 2897; x_wconf 74' lang='grc' dir='ltr'><strong><em>ἐστὶν</em></strong></span> <span class='ocrx_word' id='word_1_245' title='bbox 947 2851 1079 2898; x_wconf 70' lang='grc' dir='ltr'><strong><em>’ἔνδον</em></strong></span> <span class='ocrx_word' id='word_1_246' title='bbox 1106 2853 1450 2915; x_wconf 74' lang='grc' dir='ltr'><strong><em>ηὐτρεπισμένα.</em></strong></span> 
     </span>
    </p>
   </div>
  </div>
 </body>
</html>
