2053 3404
930 181 1225 226 -64—

434 309 473 358 ,ὦ
501 316 625 371 Δῆμε
658 312 774 370 δεῦρ’
805 311 981 363 ἔξελθε.
1012 350 1059 354 -
1089 310 1142 366 νὴ
1174 310 1248 353 Δί’
1281 303 1314 352 ὦ
1346 309 1491 367 πάτερ
1546 310 1657 365 Equ.
1689 308 1775 354 725

440 385 600 435 ’έξελθε
631 384 737 440 δῆτ’.

795 457 928 509 δεῦρο
966 453 1083 510 δεῦρ’
1115 446 1148 496 ὦ
1180 453 1407 508 Σώκρατες
1550 453 1659 497 Nub.
1690 451 1776 495 866

440 525 602 576 ἔξελθ’.
635 525 722 580 ἄγω
751 525 836 580 γάρ
869 539 941 568 σοι
971 525 1051 567 τὸν
1080 524 1178 567 υἱὸν
1208 528 1389 566 τουτονί
1411 559 1420 569 .
1444 559 1453 568 .
1476 558 1486 568 .

438 600 513 641 καὶ
542 600 684 641 ταῦτα
716 597 887 653 δράσας
917 592 994 652 ἧκε
1025 595 1143 652 δεῦρ’
1175 589 1309 645 αὖθις
1341 595 1492 638 πάλιν.
1549 596 1649 639 Pac.
1682 595 1768 639 845

1009 667 1106 710 ἀλλ’
1137 668 1242 711 εἴσω
1272 668 1417 722 φέρων
1550 667 1651 710 Pac.
1685 665 1800 710 1020

438 740 588 789 θύσας
618 739 675 782 τὰ
705 738 829 797 μηρί’
862 739 1023 790 ε’ξελών
1053 737 1171 793 δεῦρ’
1203 737 1370 794 ἔκφερε.

439 811 595 865 βάδιζε
625 810 707 866 τὴν
736 813 891 868 κίστην
921 809 1072 865 λαβὼν
1105 809 1179 851 καὶ
1210 809 1289 851 τὸν
1319 810 1418 863 χόα.
1550 809 1657 852 th.
1691 807 1804 852 1087

404 879 598 937 *βάδιζέ
612 896 706 924 ’νυν
732 881 806 923 καὶ
828 882 960 936 δεῦρο
983 880 1096 936 πρὸς
1116 880 1198 937 τὴν
1218 880 1527 935 Παφλαγόνος.
1551 880 1660 934 Equ.
1693 879 1806 923 1217

439 954 598 1008 βάδιζε
628 955 815 994 θᾶττον.
848 954 896 992 τί
923 952 1105 1004 στένεις,
1138 950 1179 993 εἰ
1205 950 1264 1007 μὴ
1299 951 1446 1006 φέρεις
1550 952 1681 1005 Vesp.
1714 949 1799 994 180

435 1023 654 1066 Ὀδυσσέα
685 1022 782 1076 τιν’,·
814 1057 824 1067 .
846 1057 855 1067 .
879 1057 888 1067 .

443 1095 497 1137 σύ
527 1095 610 1150 μὲν
640 1094 799 1150 βάδιζε
829 1096 904 1137 καὶ
934 1093 1112 1153 κάθησ’.
1146 1093 1387 1150 οὐδὲνγὰρ
1419 1088 1471 1135 εἴ.
1554 1094 1672 1138 Eocl.
1706 1092 1790 1136 144

441 1201 453 1212 .
474 1202 482 1211 .
506 1202 515 1211 .
538 1165 755 1209 εἰσέλθετ’
789 1166 831 1216 ἐς
861 1170 1065 1209 νεοττίαν
1095 1181 1143 1208 τε
1173 1164 1255 1221 τὴν
1285 1165 1395 1221 ἐμὴν
1427 1199 1435 1209 .
1458 1199 1468 1210 .
1490 1199 1499 1209 .
1551 1167 1633 1210 AV.
1665 1164 1751 1208 642

443 1236 610 1291 ἄπερρε
640 1238 715 1279 καὶ
747 1236 802 1278 σύ
833 1239 907 1279 καὶ
937 1236 1105 1293 aui-975&
1137 1237 1378 1279 ἐντευθενί.
1552 1236 1671 1279 Ecel.
1705 1234 1789 1278 169

1012 1307 1138 1357 πίεζέ
1169 1322 1246 1350 νυν
1278 1306 1459 1362 σφόδρα
1550 1307 1681 1361 Vesp.
1715 1305 1799 1349 152

443 1371 491 1421 εὖ
522 1378 773 1434 κάνδρικῶς.
804 1378 920 1432 κάγώ
950 1378 1031 1433 γὰρ
1064 1376 1246 1420 ἐνταῦθ’
1279 1375 1476 1431 ἔρχομαι.

440 1448 623 1506 κάθησο
654 1453 804 1492 τοίνυν
836 1452 1002 1507 σηπίας
1030 1449 1283 1506 μασωμένη.
1553 1448 1672 1493 Eccl.
1704 1447 1789 1491 554

441 1518 599 1577 ἔπαιρε
630 1521 808 1563 σαυτόν.
832 1558 877 1560 -
900 1518 998 1563 εἶπέ
1029 1535 1107 1562 νυν
1138 1518 1281 1561 ἐκεῖνό
1309 1534 1402 1574 μοι,
1434 1553 1443 1563 .
1466 1553 1476 1563 .
1499 1554 1508 1563 .
1550 1520 1681 1574 Vesp.
1713 1518 1799 1562 996

446 1589 603 1647 ἔπαιρε
635 1592 814 1634 σαυτόν.
832 1628 879 1632 -
901 1590 996 1632 ἀλλ’
1028 1590 1219 1647 έπῇρται
1248 1590 1380 1632 τοῦτό
1412 1606 1470 1645 γε.
1554 1591 1659 1645 Lys.
1691 1588 1777 1632 937

442 1662 634 1706 ἐνταῦτα
664 1664 744 1705 νῦν
776 1660 932 1716 οἰμῶξι
963 1661 1075 1718 πρὸς
1104 1661 1186 1717 τὴν
1217 1660 1405 1716 αἰτρίαν.
1550 1662 1720 1705 Thesm.
1741 1659 1865 1704 *1001

443 1733 678 1783 ἀσκωλίαζ’
711 1733 914 1775 ἐνταῦθα
945 1734 1056 1791 πρὸς
1086 1733 1167 1790 τὴν
1199 1732 1399 1789 αἰθρίαν.
1553 1734 1667 1776 Plut.
1700 1732 1813 1775 1129

445 1840 453 1849 .
467 1839 475 1849 .
488 1840 497 1849 .
510 1804 680 1861 θώρακ’
698 1803 1080 1861 Hecatom-nave
1096 1804 1219 1857 παῦ’,
1237 1803 1369 1847 οὐδὲν
1383 1804 1530 1859 λέγεις.
1551 1806 1682 1859 Vesp.
1715 1803 1829 1847 1194

444 1875 579 1932 αἰβοῖ.
610 1913 658 1917 —
688 1879 737 1917 τί
762 1874 884 1927 ’ἑστις
916 1912 962 1915 -
993 1879 1113 1917 παῦε
1143 1878 1277 1928 παῦε,
1306 1875 1367 1931 μὴ
1399 1875 1506 1930 λέγε.
1551 1877 1683 1930 Vesp.
1715 1874 1771 1918 37

443 1950 618 1990 παῦσαι
649 1946 885 2003 ’φυβρίζων
916 1948 1007 1996 τοῖς
1039 1946 1186 2002 ἐμοῖσι
1216 1945 1451 2003 χρήμασιν.
1552 1947 1653 1990 Pac.
1687 1945 1800 1990 1219

442 2021 617 2061 παῦσαι
649 2017 705 2060 σύ
738 2021 907 2073 φυσῶν,
932 2017 1159 2072 Ἡράκλεις
1188 2017 1313 2058 τουτὶ
1343 2019 1392 2058 τί
1417 2013 1494 2071 ἧν,·
1553 2017 1635 2061 AV.
1667 2015 1753 2059 859

444 2084 528 2132 οἷδ’
560 2083 665 2132 οἶδα
694 2088 774 2132 τὸν
804 2091 931 2132 νοῦν·
964 2089 1083 2131 παῦε
1113 2088 1232 2132 παῦε
1261 2089 1342 2130 τοῦ
1372 2087 1516 2144 λόγου.
1550 2087 1661 2132 Rau.
1693 2086 1780 2131 580

443 2162 618 2204 παῦσαι
649 2160 858 2216 φλυαρῶν
889 2153 1046 2216 ὦγάθ’.
1079 2153 1182 2202 οἴδα
1212 2157 1295 2215 γὰρ
1327 2160 1493 2215 σαφῶς.
1554 2157 1668 2203 Plut.
1700 2156 1838 2214 360.¹)

1064 2341 1101 2385 6.

366 2425 463 2468 Non
516 2438 617 2468 raro
671 2425 852 2478 accidit,
906 2427 954 2468 ut
1000 2424 1191 2468 offensus
1247 2423 1493 2477 nescioquis
1545 2422 1755 2466 minacias
1801 2422 1938 2466 iactet

228 2495 482 2540 clamitans:
525 2497 651 2554 δίκην
682 2494 840 2545 δαίσεις
877 2496 949 2541 vel
980 2495 1119 2540 simile
1151 2496 1264 2550 quid.
1325 2494 1474 2539 Etiam
1515 2493 1559 2538 hi
1589 2505 1745 2539 versus
1786 2506 1938 2549 saepe-

371 2690 407 2733 1)
439 2691 527 2727 Ach.
555 2692 622 2728 731
658 2684 753 2729 ἀλλ’
786 2683 819 2728 ὦ
854 2685 1030 2744 πονηρὰ
1061 2683 1198 2743 κόριχ’
1230 2684 1400 2728 ἀθλίου
1432 2684 1617 2742 πατρός,

656 2748 830 2806 ἄμβατε
861 2750 1036 2794 ποττὰν
1064 2752 1263 2805 μᾶδδαν,
1296 2750 1353 2792 αἴ
1373 2748 1413 2804 χ’
1446 2744 1602 2807 εὕρητέ
1634 2766 1717 2807 πᾳ.

229 2818 288 2855 Sic
313 2817 359 2865 R,
389 2812 500 2868 κύρι’
532 2813 699 2857 ἀθλίου
730 2819 772 2858 Γ
771 2847 783 2872 ,
823 2813 942 2872 κώρι’
974 2814 1141 2858 ἀθλίου
1176 2821 1383 2858 Elmsleius.
1433 2821 1513 2867 Qun
1543 2821 1696 2858 Elmslei
1730 2821 1939 2858 coniectura

228 2881 382 2912 metrum
408 2878 665 2914 indissolutum
690 2884 869 2925 servatur,
894 2883 938 2916 ut
961 2890 1031 2915 uuo
1057 2884 1187 2916 tenore
1214 2880 1317 2916 ambo
1334 2879 1379 2915 ‘hi
1404 2889 1532 2917 versus
1557 2879 1730 2917 defluant.
