2053 3404
798 228 1088 274 ...27-

95 362 192 406 Vox
221 358 446 402 κνώδαλον
478 361 592 416 apud
623 360 815 417 tragicos
847 373 928 405 nec
958 372 1046 404 non
1076 361 1192 415 apud
1221 358 1367 414 epicos
1397 359 1443 403 in
1473 372 1555 404 usu
1586 361 1666 403 est.

307 429 386 483 ἐγώ
418 463 428 474 .
450 463 462 475 .
485 464 496 475 .
527 427 585 472 ἄν
613 430 770 487 τλαίην
799 429 1127 484 ὑποδήσασθαι
1411 431 1542 483 Vesp.
1575 429 1687 471 1159

306 498 482 556 ἐχθρῶν
512 499 618 555 παρ’
650 498 826 557 ἀνδρῶν
856 500 1052 555 δυσμενῆ
1081 498 1343 554 καττύματα
1348 514 1365 554 ;

227 582 274 640 b)
306 582 455 624 πόσον
486 583 536 625 δὲ
567 582 647 625 τὸν
678 581 880 639 πρωκτὸν
910 581 1072 637 χρόνου
1105 581 1340 638 ξυνήγαγεν
1350 597 1367 636 ;
1411 582 1519 625 Ach.
1551 580 1606 623 83

247 656 361 710 -τῇ
391 654 681 710 πανσελήνῳ.·
708 645 803 709 κᾷτ’
835 653 1048 709 ἀπῆλθεν
1080 652 1243 696 οἴκαδε.

95 739 318 782 Obscenas
363 735 606 780 huiusmodi
650 735 1017 791 interrogationes
1071 748 1123 779 ac
1167 735 1473 790 responsiones
1519 734 1693 790 tragica
1739 735 1794 778 ad

93 810 225 852 risum
258 807 502 862 augendum
533 806 674 849 forma
704 808 749 850 et
780 806 969 849 dictione
1000 807 1131 860 poeta
1161 805 1354 850 donavit.

221 889 276 933 cf.
306 892 354 931 τί
371 887 480 943 δῆθ’
503 887 525 929 ὅ
560 888 757 944 πρωκτὸς
789 886 832 936 ἐς
862 885 942 929 τὸν
973 886 1165 943 οὐρανὸν
1193 886 1353 942 βλέπει
1362 903 1378 941 ;
1410 888 1519 931 Nub.
1553 886 1637 930 193

304 962 370 1008 τίς
401 956 533 1008 ἄλλος
563 957 665 1000 ἀντὶ
695 958 872 1001 τουτουὶ
902 960 983 1000 τοῦ
1013 956 1232 1000 δακτύλου
1240 973 1256 1012 ;
1368 987 1370 989 -
1408 958 1518 1002 Nub.
1550 957 1635 1001 653

233 1040 276 1099 c)
307 1042 441 1085 Plura
486 1041 589 1084 mihi
635 1040 819 1084 dicenda
864 1043 967 1084 sunt
1013 1041 1066 1084 de
1112 1040 1335 1093 versibus,
1385 1041 1431 1084 in
1478 1040 1632 1094 quibus
1677 1040 1795 1084 inest

0 1136 9 1140 -
92 1126 178 1159 vox
207 1116 361 1157 καίτοι.

232 1183 328 1227 Νο11
359 1183 497 1227 solum
526 1183 572 1226 in
603 1182 919 1227 sententiarum
950 1182 1028 1226 sed
1057 1183 1102 1225 in
1133 1182 1427 1226 trimetrorum
1458 1181 1589 1226 etiam
1618 1182 1793 1227 exordio

91 1254 248 1310 tragici
293 1256 450 1309 poetae
490 1255 603 1298 hanc
643 1266 792 1299 vocem
834 1267 995 1308 ponere
1036 1253 1199 1306 solent,
1247 1267 1282 1297 e.
1314 1267 1377 1309 gr.
1417 1253 1674 1309 Sophocles,
1721 1254 1795 1308 qui

92 1325 284 1369 sedecies
324 1327 468 1367 καίτοι
512 1324 557 1367 111
597 1323 743 1376 initio,
788 1323 856 1367 bis
896 1324 942 1367 in
984 1323 1072 1367 alia
1112 1324 1405 1367 trimetrorum
1451 1324 1555 1368 sede
1596 1322 1792 1380 posuit.1)

91 1397 219 1439 Hunc
248 1408 409 1439 morem
438 1394 756 1449 Aristophanes
786 1395 983 1438 imitatus
1015 1397 1095 1447 est,
1138 1395 1252 1448 quod
1281 1396 1470 1448 probant
1499 1408 1655 1439 versus
1686 1396 1794 1438 Ach.

91 1466 189 1521 357,
221 1465 319 1520 370,
346 1464 458 1520 4663
498 1465 609 1510 Nub.
640 1464 739 1519 876,
773 1464 909 1520 1257;
950 1466 1079 1520 Verp.
1111 1464 1210 1520 915,
1253 1464 1352 1519 980,
1391 1464 1529 1521 1301;
1569 1467 1652 1512 Av.
1684 1465 1793 1521 2643

90 1538 192 1592 Lys.
223 1535 332 1590 9213
372 1537 482 1579 Ran.
514 1535 593 1590 433
633 1536 752 1579 Eccl.
783 1534 853 1589 20,
886 1534 993 1590 159;
1033 1536 1148 1580 Plut.
1180 1535 1279 1580 337.
1340 1536 1555 1591 Exempla
1592 1536 1648 1580 14
1690 1539 1793 1580 sunt

89 1620 276 1660 numero,
309 1609 461 1651 contra
493 1605 520 1650 4
550 1606 699 1651 inveni
728 1619 883 1651 versus
914 1620 1065 1651 vocem
1094 1610 1240 1650 καίτοι
1271 1607 1563 1662 continentes,
1601 1608 1674 1662 qui
1704 1621 1793 1652 non

67 1679 144 1721 >ab
189 1678 287 1732 ipsa
330 1678 564 1732 incipiant,
609 1690 763 1722 versus
805 1678 899 1721 dico
936 1679 1044 1722 Ach.
1076 1677 1184 1731 611,
1230 1679 1333 1734 Lys.
1365 1678 1474 1733 905,
1519 1680 1630 1723 Ran.
1663 1678 1791 1733 1304,

89 1749 202 1793 Plut.
234 1748 361 1794 1178.
421 1750 661 1793 Praeterea
691 1748 746 1794 cf.
776 1749 974 1794 Platonis
1006 1749 1155 1794 comici
1186 1749 1239 1794 fr.
1271 1749 1370 1805 187,
1402 1750 1441 1805 1,
1472 1751 1547 1795 11111
1575 1750 1622 1795 111
1652 1750 1793 1806 prima

90 1832 242 1863 versus
274 1820 377 1864 sede
408 1820 605 1865 invenies
634 1823 789 1865 καίτοι.

228 1902 351 1946 Haec
381 1902 485 1946 mihi
515 1903 836 1958 praemittenda
867 1905 1006 1957 erant,
1048 1905 1098 1946 ut
1128 1904 1471 1948 demonstrarem
1502 1917 1627 1949 usum
1656 1904 1792 1961 tragi-

89 1985 232 2015 corum
261 1972 307 2015 in
337 1974 422 2016 hac
453 1973 755 2017 coniunctione
785 1974 988 2028 ponenda
1007 1974 1345 2028 Aristophanem
1377 1975 1511 2028 sequi.
1561 1975 1657 2019 Iam
1686 1987 1791 2018 non-

88 2042 228 2086 nullos
258 2042 428 2087 illorum
459 2056 662 2088 versuum
693 2043 987 2098 inspiciamus.

298 2128 441 2167 καίτοι
471 2124 586 2181 φιλῶ
615 2140 661 2179 γε
691 2126 772 2179 τὴν
803 2123 915 2179 ἐμὴν
945 2124 1094 2182 ψυχὴν
1126 2124 1218 2179 ἔγω.
1404 2128 1512 2171 Ach.
1545 2126 1631 2170 357

297 2198 441 2237 καίτοι
462 2194 642 2237 δέδοικα
659 2194 824 2237 πολλοὶ·
843 2195 945 2244 τούς
961 2210 1009 2237 τε
1024 2194 1107 2252 γὰρ
1123 2196 1316 2252 τρόπους
1330 2231 1339 2241 .
1351 2231 1360 2242 .
1373 2231 1382 2242 .
1404 2198 1511 2243 Ach.
1543 2196 1630 2241 370

298 2269 441 2309 καίτοι
470 2269 536 2316 τίς
566 2264 681 2321 ὑμᾶς
711 2258 760 2308 εὖ
792 2267 937 2309 ποιεῖν
969 2266 1208 2324 δυνήσεται
1240 2302 1249 2312 .
1273 2302 1282 2313 .
1304 2302 1313 2313 .
1403 2270 1535 2324 Vesp.
1567 2267 1653 2312 915

87 2349 239 2394 Nonne
270 2362 416 2393 eorum
457 2362 623 2393 summa
660 2351 729 2393 est
760 2349 1014 2405 elegantia?
1074 2350 1165 2395 Res
1205 2364 1310 2396 vero
1350 2351 1416 2396 ita
1456 2364 1504 2396 se
1544 2352 1700 2406 habet,
1741 2353 1792 2395 ut

88 2419 143 2464 15
173 2420 343 2465 illorum
374 2433 589 2475 versuum,
622 2421 694 2475 qui
725 2435 752 2464 a
785 2434 891 2466 voce
910 2424 1055 2464 καίτοι
1084 2421 1310 2478 incipiunt,
1342 2422 1399 2466 10
1419 2422 1669 2468 indissoluti
1689 2422 1790 2475 sint,

82 2489 108 2534 5
129 2490 289 2548 tragici
300 2489 350 2548 2),
382 2493 536 2536 contra
563 2490 591 2535 4
611 2491 793 2546 illorum,
825 2492 899 2547 qui
918 2505 1006 2537 non
1037 2495 1277 2548 sequuntur
1296 2495 1412 2539 hunc
1433 2507 1570 2548 usum,
1599 2493 1786 2539 indisso-

85 2561 203 2607 lutus
233 2575 357 2616 unus,
388 2562 549 2619 tragici
579 2563 676 2619 duo,
708 2563 896 2609 comicus
926 2576 1051 2609 unus.

229 2732 265 2778 1)
289 2744 323 2771 v.
348 2734 508 2772 Lexicon
534 2735 775 2782 Sophocleum
799 2747 912 2782 comp.
938 2736 997 2774 Fr.
1022 2735 1174 2773 Ellendt
1198 2748 1225 2773 s.
1251 2747 1342 2774 voce
1375 2732 1531 2775 καίτοι.

193 2833 196 2836 ,
228 2799 266 2843 2)
290 2798 380 2837 Nub.
407 2802 477 2837 876
512 2797 656 2838 καίτοι
684 2810 731 2852 γε
760 2794 982 2839 ταλάντου
1013 2796 1132 2838 τοῦτ’
1162 2792 1337 2851 ἔμαθεν
1358 2794 1641 2853 Ὑπέρβολος.

87 2857 146 2892 Sic
169 2858 233 2902 R.;
268 2870 395 2895 versus
430 2863 488 2895 est
521 2861 688 2898 comicus.
738 2862 854 2897 Recte
867 2889 876 2906 ‚
909 2861 950 2896 ni
983 2861 1110 2906 fallor,
1144 2861 1348 2897 Meinekius
1380 2862 1490 2897 eiecit
1521 2862 1613 2897 illud
1648 2872 1715 2910 γε,
1749 2866 1792 2897 ut

87 2916 254 2954 eveniret
276 2928 405 2954 versus
430 2918 607 2963 tragicus.
