2053 3404
808 288 1099 333 „57-

245 415 469 464 Diiudicat
509 433 545 465 e.
576 434 639 475 gr.
680 420 870 474 Populus
912 420 957 463 in
998 420 1230 473 Eqmtibus
1274 422 1468 465 ultimum
1509 424 1802 478 certaminum,

107 504 216 547 quae
247 491 363 533 inter
392 490 653 534 botularium
685 493 729 534 et
761 490 963 535 Cleonem
993 490 1199 534 instituta
1231 493 1345 546 sunt,
1377 505 1507 535 versu
1539 492 1651 536 121ss

319 557 429 620 αὕτη
458 561 541 617 μὲν
570 561 596 618 ἢ
628 566 754 619 κίστη
786 562 842 604 τὰ
873 564 955 604 τοῦ
986 562 1128 617 δήμου
1159 566 1328 618 φρονεῖ.

109 635 307 679 Bacchus
339 647 442 678 vero
473 633 520 678 in
550 633 687 679 Ranis
716 634 979 690 Aeschylum
1011 633 1176 679 iudicat
1206 634 1367 680 vicisse
1398 647 1530 679 versu
1552 634 1660 678 1471

319 705 345 758 ἢ
377 704 526 759 γλῶττ’
559 704 764 759 ὀμώμοκ’,
796 704 1015 759 Αἰσχύλον
1046 704 1086 747 δ’
1117 705 1372 761 αἱρήσομαι.

109 776 358 821 Botularius
389 776 435 819 in
465 777 673 830 Equitum
704 777 839 820 exodo
873 777 926 820 de
959 776 1116 821 Cleone
1148 777 1410 821 sententiam
1442 776 1531 823 fert
1561 777 1696 820 hanc:

322 846 453 889 οὐδὲν
481 847 572 901 μέγ’
604 845 698 888 ἄλλ’
728 845 755 902 ἢ
787 847 867 902 τὴν
899 847 1008 904 ἐμὴν
1037 843 1127 897 ἕξει
1157 848 1324 904 τέχνην.
1421 848 1531 901 Equ.
1565 846 1691 889 1397.
1727 871 1778 876 —

110 918 386 973 Strepsiades
419 932 445 961 a
477 918 687 974 discipulo
720 919 907 973 quaerit,
939 919 1034 973 quis
1066 918 1124 962 sit
1154 920 1278 962 homo
1310 918 1354 962 in
1386 918 1548 962 lectulo
1580 930 1814 972 suspenso:

323 988 467 1037 αὐτός.
484 1026 530 1029 ᾖ
546 992 611 1037 τίς
632 988 786 1041 miros,-
807 1027 854 1030 -
870 990 1112 1047 Σωκράτης.
1135 1027 1181 1030 -
1203 982 1236 1030 ὦ
1258 989 1498 1043 Σώκρατες.
1519 989 1629 1031 Nub.
1646 987 1744 1031 219.
1758 1012 1811 1019 -

111 1062 285 1105 Summa
316 1060 633 1104 Socraticorum
664 1061 737 1104 lex
766 1061 877 1105 haec
906 1064 998 1105 est:

324 1131 421 1173 ἀλλ’
443 1131 495 1173 οὗ
516 1132 649 1186 θέμις
669 1132 788 1188 πλὴν
817 1135 909 1182 τοῖς
937 1135 1218 1190 μαθηταῖσιν
1248 1132 1400 1186 λέγειν.
1432 1132 1542 1175 Nub.
1575 1130 1660 1174 140

112 1217 237 1258 quam
269 1203 355 1247 filio
389 1203 665 1259 Strepsiades
696 1204 873 1259 repetit:

326 1270 445 1322 ὅπως
476 1273 527 1315 δὲ
557 1277 689 1316 τοῦτο
719 1274 779 1329 μὴ
815 1275 1011 1323 διδάξεις
1041 1275 1230 1333 μηδένα.
1434 1274 1544 1316 Nub.
1575 1272 1675 1315 824.
1707 1296 1764 1303 -

112 1344 381 1390 Obliviosum
412 1345 667 1400 discipulum
698 1346 876 1390 tandem
907 1346 1112 1390 Socrates
1145 1345 1347 1389 dimittit:

325 1415 501 1464 ὑθλεῖς·
534 1414 704 1471 ἄπερρ’,
739 1416 815 1458 οὐκ
846 1414 904 1458 ἂν
935 1415 1163 1470 διδάξαιμ’
1184 1416 1242 1458 ἄν
1264 1415 1304 1457 σ’
1326 1413 1402 1458 ἔτι.
1436 1415 1545 1458 Nub.
1577 1413 1675 1457 783.
1711 1438 1759 1443 —

115 1487 243 1531 Canis
277 1490 509 1532 accusatus
540 1488 585 1532 in
616 1488 775 1543 Vespis
807 1488 1068 1534 obsolvitur:

328 1559 491 1607 δείξειν
521 1557 671 1602 ἐὀικεν.
702 1595 749 1600 -
780 1558 1050 1614 ἐκπέφευγας
1081 1553 1114 1600 ὦ
1146 1559 1317 1616 Λάβης.
1438 1558 1569 1611 Vesp.
1602 1555 1701 1598 994.
1738 1580 1786 1586 —

114 1631 165 1673 In
196 1630 365 1675 Avibus
396 1631 572 1674 tandem
605 1631 809 1675 convenit
839 1645 927 1686 pax
957 1632 1073 1675 inter
1104 1631 1207 1674 deos
1239 1633 1283 1674 et
1317 1643 1444 1674 aves:

173 1702 299 1755 Nept.
331 1701 379 1742 εἴ
400 1717 468 1743 τοι
499 1704 626 1744 δοκεῖ
650 1705 776 1758 σφῷν
805 1705 963 1755 ταῦτα,
994 1701 1128 1756 κάμοὶ
1161 1702 1378 1745 συνδοκεῖ.
1437 1702 1519 1744 AV.
1554 1697 1668 1741 1630

174 1773 304 1816 Herc.
332 1767 476 1825 οὗτος,
510 1774 636 1814 δοκεῖ
660 1774 774 1828 δρᾶν
794 1775 937 1814 ταῦτα
957 1775 1037 1814 τοῦ
1059 1772 1289 1829 σκήπτρου
1312 1771 1428 1826 πέρι.

115 1843 266 1886 'Potius
297 1844 575 1898 Lysistratae
608 1844 785 1887 fabulae
817 1857 983 1887 summa
1014 1844 1145 1888 datur
1174 1856 1306 1888 versu
1339 1841 1454 1885 1278

968 1915 1267 1971 εὐλαβώμεθα

331 1986 381 2028 τὸ
414 1986 575 2029 λοιπὸν
607 1981 742 2035 αὖθις
772 1986 831 2041 μή
865 1985 1180 2041 ’ξαμαρτάνειν
1209 1982 1287 2029 ἔτι.

118 2057 349 2112 Euripides
380 2058 425 2101 in
456 2057 913 2112 Thesmophoriazusis
954 2056 1253 2112 sagittarium,
1294 2070 1349 2099 ne
1381 2068 1534 2098 nomen
1566 2053 1828 2097 Artemisiae

120 2129 415 2182 obliviscatur,
446 2131 592 2172 monet
623 2141 754 2173 versu

334 2198 534 2259 μέμνησο
565 2203 713 2242 τοίνυν
745 2197 932 2254 τοῦνομ’.
965 2237 1011 2240 A.
1040 2197 1329 2253 Ἀρταμουξία
1446 2197 1616 2240 Thesm.
1649 2192 1776 2238 1201.

120 2273 171 2315 111
202 2273 320 2316 Pluti
350 2272 503 2316 fabula
531 2273 655 2316 Cario
687 2273 845 2327 longae
877 2270 1087 2313 orationis
1119 2282 1230 2323 quae
1262 2272 1331 2311 est
1362 2269 1415 2311 de
1448 2267 1678 2310 sanatione
1710 2266 1827 2308 Pluti

122 2356 327 2388 summam
360 2346 539 2389 enarrat
569 2356 700 2389 versu
730 2342 1012 2387 indissoluto:

335 2414 358 2457 ὃ
379 2414 594 2467 Πλοῦτος,
626 2406 659 2456 ὦ
689 2410 905 2465 δέσποιν’,
938 2410 1185 2466 ἀνειστήκει
1214 2409 1404 2465 βλέπων.
1436 2408 1550 2451 Plut.
1583 2404 1682 2449 738.

262 2626 315 2668 In
347 2623 702 2668 Acharnensibus
733 2619 1006 2676 Megarensis
1041 2620 1167 2661 homo
1200 2612 1448 2671 stupentem
1479 2615 1831 2669 Dicaeopolidem

123 2694 369 2751 interrogat
1049 2730 1052 2732 ,

338 2764 365 2824 ἢ
389 2766 440 2809 οὐ
466 2766 614 2823 χοῖρός
636 2763 725 2808 ἐστ’
747 2759 835 2816 ἅδ’,·
856 2799 903 2803 -
925 2761 1001 2804 οὐκ
1031 2758 1176 2815 ’ἑμοιγε
1198 2762 1419 2815 φαίνεται.
1447 2759 1554 2801 Ach.
1587 2755 1673 2800 769

126 2836 253 2882 Η11116
283 2851 459 2883 versum
490 2851 544 2880 ea
575 2837 628 2880 de
660 2848 795 2880 causa
824 2836 954 2889 poeta
984 2831 1290 2875 indissolutum
1322 2828 1542 2882 formavit,
1585 2827 1688 2882 quia
1718 2827 1836 2871 infra

127 2909 271 2959 posuit
301 2921 476 2953 versum

341 2973 455 3021 αῧτα
476 2976 563 3021 ’στὶ
594 2979 740 3034 χοῖρος
748 2993 766 3030 ,·
786 3011 834 3018 -..
854 2978 931 3019 νῦν
959 2989 1006 3029 γε
1036 2974 1181 3028 χοῖρος
1201 2974 1423 3028 φαίνεται.
1452 2971 1560 3018 Aah.
1592 2968 1676 3013 781

1600 3054 1621 3089 7
