2053 3404
842 233 1133 278 —35-

717 446 889 519 Pars
938 447 1262 522 secunda.

136 611 139 614 ‚
225 564 290 606 De
322 576 402 606 usu
434 563 737 616 trimetrorum‚
774 563 846 617 qui
878 564 936 607 ad
966 564 1210 619 augendam
1242 563 1452 608 sermonis
1483 564 1745 618 gravitatem

686 634 862 678 formati
893 637 998 679 sunt
1026 634 1287 680 indissoluti.

245 808 396 868 caput
427 808 651 868 primum:
686 808 751 857 De
782 808 1009 857 trimetris
1041 807 1100 857 ad
1133 810 1432 868 spectatores
1466 810 1727 858 conversis.

971 893 1009 937 1.

279 976 622 1018 Acharnensium
669 976 862 1019 fabulam
908 988 1042 1031 supra
1091 976 1215 1019 nobis
1267 976 1637 1031 perlustrantibus
1683 987 1837 1019 versus

138 1045 193 1090 26
216 1059 261 1100 s.,
293 1044 525 1090 370—376
568 1040 622 1091 ea
663 1047 716 1091 de
757 1059 893 1091 causa
922 1047 1223 1092 memorabiles
1263 1046 1348 1091 visi
1379 1049 1501 1100 sunt,
1543 1046 1644 1100 quja
1685 1051 1837 1090 novem

137 1118 204 1160 his
235 1118 444 1161 trimetris
475 1118 746 1161 indissolutis
768 1119 1086 1174 Aristophanes
1117 1119 1410 1162 Athenienses
1443 1117 1722 1161 acerbissime
1744 1130 1838 1170 per-

139 1188 336 1242 strinxit,
389 1189 444 1232 ad
490 1191 762 1244 spectatores
811 1189 947 1246 igitur
992 1202 1232 1234 sermonem
1279 1189 1438 1234 direxit
1490 1188 1549 1245 (v.
1581 1202 1651 1244 pg.
1685 1187 1737 1231 11
1773 1185 1838 1243 s.).

138 1259 260 1303 Unde
292 1259 479 1314 profecti
509 1260 667 1304 similia
698 1273 957 1315 quaeramus
990 1263 1121 1315 atque
1151 1261 1332 1315 primum
1361 1260 1532 1314 quidem
1553 1260 1681 1303 Pacis
1714 1272 1840 1313 quem

140 1330 315 1375 afferam
345 1331 485 1375 locum
517 1331 849 1376 consideremus

279 1415 506 1470 Trygaeus
539 1415 641 1468 quid
671 1415 809 1458 faciat
828 1416 1028 1459 Polemus
1060 1415 1304 1459 observitat
1325 1417 1645 1469 observataque
1669 1418 1838 1468 specta-

140 1485 305 1529 toribus
336 1484 572 1529 renuntiat.

142 1570 273 1625 Tryg.
355 1564 424 1625 ἆρ’
457 1561 586 1618 οὗτός
617 1566 706 1611 ἐστ’
739 1567 913 1622 ἐκεῖνος,
948 1566 997 1611 ὃν
1026 1569 1100 1611 καὶ
1132 1568 1362 1626 φεύγομεν,
1455 1569 1556 1613 Pac.
1588 1567 1675 1612 240

291 1638 338 1663 **
353 1639 376 1681 ὁ
399 1639 559 1691 δεινός,
582 1639 605 1680 ὃ
627 1638 904 1696 ταλαύρινος,
928 1638 951 1681 ὃ
972 1639 1086 1681 κατὰ
1107 1641 1203 1681 τοῖν
1223 1639 1397 1681 σκελοῖν
1404 1638 1464 1696 3¹)

140 1711 229 1755 Pol.
315 1708 339 1734 *
354 1708 403 1753 ἶώ
434 1711 633 1767 Πρασιαὶ
663 1710 756 1767 τρὶς
787 1707 949 1753 ἄθλιαι
977 1711 1052 1752 καὶ
1082 1709 1289 1759 πεντάκις

292 1782 425 1825 **καὶ
456 1781 770 1831 πολλοδεκάκις
801 1781 857 1830 ὥς
888 1781 1140 1824 ἀπολεῖσθε
1170 1781 1373 1838 τήμερον.

139 1854 268 1910 Tryg.
301 1854 357 1898 ad
389 1855 682 1909 spectatores:
714 1854 837 1897 τουτὶ
865 1852 949 1908 μὲν
980 1850 1138 1910 ἄνδρες
1170 1851 1301 1896 οὐδὲν
1331 1851 1436 1910 ἡμῖν
1468 1852 1650 1909 πρᾶγμά
1685 1865 1779 1894 πω·

350 1924 402 1967 τὸ
433 1924 515 1979 γὰρ
546 1924 681 1967 κακὸν
712 1924 829 1967 τοῦτ’
862 1924 958 1966 ἐστὶ
988 1927 1045 1983 τῆ
1047 1941 1067 1974 ς
1098 1928 1367 1981 Λακωνικῆς.

138 2006 289 2052 Nonne
319 2009 452 2053 multo
485 2007 730 2063 elegantius
762 2008 844 2053 duo
876 2007 921 2052 hi
951 2020 1106 2053 versus
1138 2007 1397 2052 conformati
1429 2009 1531 2052 sunt
1562 2020 1691 2062 quam
1717 2008 1839 2049 ante-

139 2078 376 2123 cedentes?
436 2080 488 2122 In
518 2081 615 2122 tota
644 2091 747 2123 vero
778 2080 863 2122 hac
893 2091 1074 2133 scaena,
1114 2091 1225 2132 quae
1255 2078 1398 2122 tendit
1428 2091 1564 2131 usque
1597 2078 1653 2121 ad
1684 2090 1838 2121 versus

350 2163 430 2203 νῦν
460 2160 582 2203 ἐστιν
611 2160 719 2217 ἡμῖν
750 2156 910 2216 ὦνδρες
928 2156 1133 2218 *Ἕλληνες
1161 2160 1299 2203 καλὸν

351 2230 645 2288 ἀπαλλαγεῖσι
675 2232 944 2289 πραγμάτων
973 2248 1022 2275 τε
1051 2232 1125 2276 καὶ
1153 2234 1310 2289 μαχῶν

351 2302 583 2353 ἐξελκύσαι
612 2304 694 2360 τὴν
724 2306 866 2347 πᾶσιν
898 2302 1091 2362 Εἰρήνην
1122 2303 1256 2362 φίλην

315 2374 460 2431 *πρὶν
489 2370 641 2432 ἕτερον
672 2370 730 2421 αὖ
759 2376 946 2420 δοίδυκα
974 2375 1174 2419 κωλῦσαί
1199 2392 1299 2418 τινα
1456 2376 1558 2419 Pac.
1590 2373 1676 2418 295

139 2468 209 2500 res
249 2457 314 2502 ita
355 2472 403 2504 se
439 2460 585 2504 habet.
645 2461 874 2517 Trygaeus
906 2458 961 2505 15
1003 2472 1158 2505 versus
1200 2459 1257 2505 ad
1298 2460 1570 2515 spectatores
1611 2455 1840 2509 convertit,

139 2540 316 2580 quorum
354 2531 604 2576 indissoluti
644 2535 747 2576 sunt
777 2531 817 2585 9,
857 2535 972 2588 trag.
1003 2531 1043 2585 4,
1084 2544 1189 2576 com.
1220 2530 1261 2575 2.
1321 2532 1506 2575 Praeter
1545 2530 1644 2573 illos
1685 2540 1840 2572 versus

138 2599 297 2644 recitat
326 2601 609 2647 indissolutos
641 2602 681 2658 3,
711 2605 825 2660 trag.
857 2602 897 2658 7,
929 2616 1035 2648 eom.
1066 2601 1106 2648 2.

279 2684 403 2729 Haec
428 2686 656 2732 hactenus.
705 2687 839 2731 Nemo
870 2699 975 2731 vero
1008 2688 1077 2730 est
1108 2686 1181 2740 qui
1210 2685 1381 2729 neseiat
1401 2682 1746 2740 προλογίζοντας
1776 2682 1840 2724 in-

137 2752 284 2806 primis
325 2755 559 2802 histriones
572 2793 582 2813 ,
629 2771 725 2802 eum
764 2758 941 2802 fabulae
982 2759 1283 2814 argumentum
1329 2768 1546 2811 exponere
1586 2753 1743 2806 velint,
1785 2752 1842 2797 ad

281 2923 318 2967 1)
342 2923 389 2961 ef.
415 2934 507 2968 quae
531 2925 706 2962 adnotavi
729 2925 768 2962 in
791 2935 853 2971 pg.
877 2927 924 2961 43
946 2936 986 2962 s..
