2053 3404
939 266 1229 309 „46-

370 397 500 440 Hunc
529 398 671 440 locum
702 397 945 450 Vesparum
974 394 1021 437 in
1052 394 1421 449 comparationem·
1447 407 1607 439 vocare
1637 394 1762 438 licet:
1784 403 1786 405 ·

443 491 539 533 ἀλλ’
571 491 626 540 ὥς
655 492 847 545 τάχιστα
878 492 1016 545 στῆθι
1046 489 1188 532 τάσδε
1216 488 1298 538 τὰς
1329 488 1461 539 δετὰς
1548 491 1679 545 Vesp.
1713 488 1825 533 1361

443 561 629 619 λαβοῦσ’
661 560 714 605 ἵν’
747 560 883 603 αὐτὸν
912 560 1109 604 τωθάσω
1137 557 1344 610 νεανιεέῶς

446 631 545 682 οἷ’ως
575 631 687 675 ποθ’
717 649 753 673 κ.
776 647 815 674 τ.
835 630 874 673 λ.

227 730 447 774 Philoclen
479 731 668 773 scortum
700 728 861 771 abdere
892 727 1053 771 studet.
1103 727 1187 772 His
1220 730 1366 772 autem
1390 728 1590 772 versibus
1612 727 1933 782 spectatoribus

229 800 438 854 quomodo
470 799 604 843 filium
633 797 818 842 ludibrio
850 798 1013 843 habere
1044 798 1153 843 velit
1181 797 1373 854 exponit.

370 884 423 926 In
443 884 625 936 utroque
646 882 746 925 ludo
769 882 880 925 haec
900 880 1128 926 observari
1148 883 1343 936 possunt.
1394 881 1533 925 Poeta
1554 880 1726 937 utrique
1746 894 1934 926 scaenae

228 953 561 1008 explicationem
602 965 769 1006 eorum,
812 965 923 1006 quae
964 965 1079 996 nunc
1121 954 1270 996 essent
1307 952 1501 1012 agenda,
1541 951 1777 1007 praemisit.
1836 952 1933 995 Non

226 1023 314 1068 iam
361 1023 581 1067 auditores
623 1035 835 1079 suspenso
884 1021 1025 1066 animo
1073 1024 1353 1078 exspectant,
1400 1012 1502 1076 quid
1534 1021 1816 1079 Megarensis
1862 1021 1934 1066 vel

227 1094 445 1138 Philocleo
478 1094 618 1138 acturi
650 1094 749 1147 sint,
781 1094 907 1136 immo
938 1093 1054 1136 tollit
1084 1096 1216 1147 poeta
1246 1082 1629 1147 exspectationem.

367 1187 655 1243 Inspiciamus
700 1187 908 1242 Equitum
956 1167 1194 1244 prologum.
1269 1187 1443 1231 Vernae
1493 1165 1813 1242 spectatoribus
1860 1199 1932 1230 ex-

225 1262 486 1313 posuerunt,
528 1260 737 1313 quomodo
778 1272 849 1302 res
891 1272 939 1302 se
979 1259 1174 1302 habeant
1213 1259 1258 1301 in
1297 1258 1420 1301 domo
1451 1259 1626 1312 Populi:
1669 1258 1933 1302 calamitatis

226 1332 448 1375 auctorem
479 1342 578 1375 esse
600 1330 813 1374 Cleonem.
867 1329 1119 1373 Remedium
1151 1330 1414 1384 quaerentes
1446 1328 1623 1372 oracula
1643 1329 1934 1386 perlegerunt,

227 1414 328 1445 ecce
360 1402 589 1446 inveniunt
605 1419 614 1445 :

440 1494 785 1552 ἀλλαντοπώλης
814 1493 919 1538 ’ἐσθ’
952 1494 975 1537 ὅ
1007 1497 1167 1537 τοῦτον
1198 1494 1371 1545 ἐξελῶν.
1546 1495 1657 1549 Equ.
1690 1494 1774 1539 143

377 1564 811 1622 ᾗᾶλλαποπώληςς
844 1561 878 1606 ὦ
907 1556 1134 1608 Πόσειδον
1164 1567 1242 1621 τῆς
1272 1564 1441 1623 τέχνης.

378 1634 426 1661 **
440 1636 547 1692 φέρε
579 1637 669 1677 ποῦ
699 1634 780 1677 τὸν
812 1633 956 1693 ἄνδρα
986 1637 1146 1678 τοῦτον
1179 1634 1499 1692 ἕξευρήσομενς

439 1708 637 1765 ζητῶμεν
669 1706 819 1749 αὐτόν.
851 1745 898 1748 -
930 1705 1025 1748 ἀλλ’
1058 1705 1132 1749 ὁδὶ
1164 1705 1475 1763 προσέρχεται.

225 1802 371 1858 Quid?
412 1815 555 1846 nonne
585 1802 722 1846 totius
753 1802 933 1846 fabulae
964 1804 1267 1858 argumentum
1296 1802 1364 1846 his
1405 1802 1558 1857 paucis
1595 1805 1727 1858 poeta
1755 1803 1932 1859 prodit?

224 1874 358 1917 Tollit
387 1873 524 1929 igitur
552 1872 623 1917 hic
654 1886 823 1927 quoque
855 1872 1226 1928 exspectationem
1257 1886 1339 1917 nec
1368 1872 1414 1917 id
1442 1873 1701 1919 inconsulto.
1753 1873 1932 1930 Specta-

223 1947 344 1988 tores
386 1957 441 1987 ex
482 1944 578 1987 sola
624 1943 923 1988 scaenicarum
969 1943 1206 1999 imaginum
1251 1943 1470 1988 varietate
1516 1957 1570 1989 ac
1613 1944 1933 2000 pulchritudine

224 2016 496 2068 voluptatem
535 2015 754 2058 commode
794 2014 1019 2071 percipere
1060 2015 1281 2058 debebant
1321 2015 1445 2059 nulla·
1482 2016 1810 2069 exspectatione
1841 2016 1932 2071 agi-

223 2085 308 2129 tati
350 2087 395 2129 et
436 2087 636 2141 exempto
677 2087 815 2143 metu,
863 2084 935 2140 qui
974 2084 1173 2141 proprius
1216 2083 1301 2128 fuit
1339 2085 1617 2141 tragoediae,
1661 2085 1707 2130 id
1746 2085 1931 2131 maxime

221 2159 535 2210 persequentes
567 2157 727 2210 oculis,
769 2170 856 2211 qua
896 2157 970 2201 via
1000 2159 1133 2211 poeta
1164 2157 1378 2201 actionem
1416 2158 1473 2201 ad
1503 2157 1632 2202 finem
1662 2157 1931 2212 praedictum

223 2225 540 2284 conduceret.¹)

366 2310 454 2354 Sed
493 2310 722 2354 redeamus
765 2310 821 2354 ad
862 2309 1096 2354 trimetros.
1156 2311 1345 2363 Versus,
1386 2310 1459 2366 qui
1498 2310 1631 2354 talem
1673 2323 1801 2364 quam
1842 2310 1932 2355 dixi

221 2382 482 2437 argumenti·
513 2381 913 2436 pronuntiationem
954 2381 1178 2425 continent
1225 2394 1312 2425 non
1357 2382 1511 2425 mirum
1551 2384 1621 2426 est
1665 2384 1839 2437 poetam
1885 2385 1931 2426 et

220 2453 426 2508 graviore
457 2452 650 2508 pondere
679 2451 859 2496 recitari
889 2451 1082 2498 voluisse
1113 2454 1159 2496 et
1178 2451 1432 2507 diligentius
1453 2452 1762 2498 conformasse.
1805 2453 1931 2510 Quod

221 2538 317 2568 cum
347 2525 435 2569 iam
465 2524 511 2568 in
541 2523 752 2568 trimetris
779 2536 913 2578 supra
935 2524 1083 2568 allatis
1105 2524 1332 2570 observari
1352 2524 1503 2579 possit,
1534 2538 1591 2568 ex
1611 2524 1770 2569 ceteris
1790 2525 1931 2581 magis

220 2595 410 2640 elucebit
441 2594 664 2650 exemplis,
696 2607 808 2649 quae
839 2608 955 2639 nunc
984 2594 1215 2651 proferam.

363 2787 400 2829 1)
424 2786 564 2823 Eadem
586 2797 646 2823 res
671 2790 741 2832 est,
766 2786 799 2823 si
822 2788 935 2832 poeta
961 2785 1161 2822 certamina
1183 2785 1349 2823 instituit
1371 2786 1475 2823 velut
1499 2785 1539 2823 in
1563 2786 1758 2832 Equitibus
1782 2786 1930 2824 Cleonis

217 2849 256 2881 et
294 2845 490 2889 botularii,
535 2846 575 2881 in
614 2845 728 2881 Ranis
768 2844 944 2890 Aeschyli
984 2848 1025 2881 et
1061 2845 1268 2891 Euripidis,
1315 2855 1468 2889 quorum
1508 2846 1748 2899 certaminum
1789 2846 1928 2882 exitum

216 2908 460 2950 eventumque
508 2915 616 2942 nemo
655 2909 713 2942 est
754 2904 840 2950 quin
880 2903 1109 2951 praevideat.
1173 2903 1303 2942 Noluit
1341 2907 1454 2951 poeta
1497 2904 1811 2952 exspectationem
1850 2915 1928 2955 sus·

215 2964 385 3009 pendere.
