2053 3404
796 295 1054 339 ...9.-

361 425 548 481 dactyli,
589 425 762 470 etiamsi
797 439 885 470 non
920 426 967 469 in
996 437 1081 469 uno
1111 425 1262 469 insunt
1302 424 1512 469 vocabulo
1554 424 1598 467 in
1639 423 1779 478 prima

291 495 396 541 sede
426 495 666 551 tertiaque3

360 567 590 622 anapaesti
621 568 838 610 nominum
869 568 1137 623 propriorum
1176 568 1221 610 in
1253 567 1450 609 omnibus
1487 566 1662 608 sedibus
1693 566 1779 608 nisi

288 638 334 681 in
374 638 527 681 ultima
568 640 884 692 conceduntur,
925 652 1019 682 cum
1063 638 1294 692 anapaesti
1333 637 1692 691 appellativorum
1733 637 1779 678 in

289 708 428 762 prima
457 710 627 751 tautum
670 710 773 752 sede
804 709 1025 763 ferantur,
1067 721 1173 762 quos
1215 720 1354 761 neque
1396 721 1451 750 ex
1488 707 1778 761 compluribus

288 779 512 823 vocabulis
545 781 801 834 compositos
834 793 932 824 esse
962 780 1218 835 permissum
1250 781 1319 823 est
1359 791 1499 832 neque
1530 781 1648 821 ortos
1681 790 1778 821 esse

290 862 346 894 ex
387 850 636 895 accessione
678 850 912 906 augmenti.
973 851 1068 895 Non
1110 850 1305 905 equidem
1343 849 1490 895 nescio
1526 849 1777 904 Euripidem

288 921 429 975 ipsum
460 921 635 966 ultimas
666 923 747 966 has
777 923 899 977 leges
929 922 1147 966 interdum
1166 922 1358 967 violasse
1372 921 1420 977 1),
1452 922 1531 965 sed
1551 923 1600 964 ut
1620 920 1779 976 tragici

288 1006 443 1037 versus
473 993 626 1045 forma,
657 994 801 1047 quoad
830 993 923 1038 fieri
953 996 1111 1048 potest,
1142 992 1331 1037 dilucida
1362 995 1493 1046 atque
1524 991 1780 1036 circumcisa

290 1065 524 1118 statuatur,
554 1077 610 1108 ne
635 1064 734 1108 illos
756 1064 925 1118 quidem
958 1063 1203 1108 comoediae
1235 1076 1390 1109 versus
1421 1062 1615 1119 tragicos
1645 1061 1779 1106 nomi-

289 1135 416 1188 nabo,
447 1134 531 1187 qui,
562 1137 867 1189 praeterquam
898 1135 1010 1188 quod
1040 1135 1186 1189 plures
1209 1135 1377 1178 duabus
1409 1133 1635 1177 continent
1665 1133 1779 1176 solu-

288 1204 443 1258 tioneS‚
475 1205 531 1248 ad
561 1206 775 1261 tragicam
806 1219 998 1249 normam
1031 1205 1290 1249 conformati
1321 1207 1436 1248 sunt.

220 1276 353 1319 Tertii
392 1276 576 1330 denique
616 1276 790 1332 generis
832 1289 979 1321 omnes
1021 1279 1125 1320 sunt
1165 1288 1342 1329 versuS‚
1390 1275 1462 1329 qui
1501 1274 1602 1318 illas
1643 1273 1779 1330 tragi-

77 1359 222 1391 corum
251 1347 374 1403 leges
405 1348 476 1392 vel
507 1350 556 1392 ut
587 1348 757 1392 cautius
790 1347 942 1401 dicam,
973 1348 1046 1402 qui
1075 1348 1197 1403 leges
1230 1360 1363 1402 supra
1394 1360 1421 1390 a
1446 1359 1514 1390 me
1535 1346 1779 1401 descriptas

76 1430 161 1461 non
203 1420 463 1473 sequuntur,
507 1421 639 1473 atque
669 1420 752 1463 hoc
782 1422 852 1463 est
881 1432 1019 1475 genus
1060 1419 1354 1462 trimetrorum
1386 1430 1492 1472 quos
1535 1417 1779 1461 comicos

35 1516 37 1519 f
77 1490 298 1543 appellare
328 1490 471 1533 liceat.

219 1561 312 1616 Quo
344 1574 447 1605 vero
479 1561 726 1604 accuratius
758 1562 898 1615 possit
927 1562 1128 1616 perspici,
1160 1575 1346 1615 quonam
1376 1561 1470 1604 iure
1491 1561 1536 1604 in
1559 1560 1780 1603 comoedia

77 1630 164 1673 tria
213 1631 291 1674 illa
341 1632 634 1675 trimetrorum
688 1644 853 1686 genera
909 1632 1254 1684 constituantur,
1316 1632 1490 1675 fabulas
1542 1630 1779 1685 perquisivi

78 1702 421 1757 Acharnensium
466 1704 709 1757 Vesparum
754 1703 872 1745 Pluti
922 1715 1207 1756 numerosque
1259 1702 1415 1757 collegi
1465 1716 1668 1746 versuum
1714 1701 1778 1744 in-

78 1771 383 1816 dissolutorum
414 1774 680 1829 tragicorum
712 1773 979 1817 comicorum.
1038 1774 1170 1817 Ratio
1204 1786 1331 1827 quam
1361 1773 1510 1818 inveni
1546 1774 1656 1816 haec
1688 1775 1779 1815 est:

317 1843 520 1888 Trimetri
548 1844 699 1889 insunt
827 1844 1076 1889 indissoluti
1165 1845 1324 1900 tragici
1415 1844 1565 1888 comici

289 1914 333 1956 in
365 1915 721 1958 Acharnensibus
906 1914 993 1958 272
1207 1915 1295 1958 244
1449 1914 1535 1958 265

290 1984 335 2026 in
366 1985 524 2040 Vespis
909 1985 995 2029 243
1211 1985 1297 2029 257
1452 1985 1535 2029 251

289 2054 335 2097 in
364 2055 492 2099 Pluto
908 2055 995 2099 348
1210 2055 1296 2099 310
1450 2054 1548 2099 341.

78 2136 284 2180 Videmus
315 2137 626 2190 trimetrorum,
674 2138 746 2191 qui
777 2138 1006 2191 unicuique
1037 2136 1214 2181 fabulae
1245 2137 1400 2181 inserti
1441 2139 1564 2190 sunt,
1605 2137 1781 2181 tertiam

3 2217 37 2226 ’·
78 2205 171 2250 fere
201 2208 370 2261 partem
401 2209 603 2252 constare
635 2220 690 2252 ex
719 2207 920 2253 versibus
950 2207 1234 2261 indissolutis‚
1266 2207 1440 2252 tertiam
1473 2207 1566 2251 fere
1599 2221 1653 2251 ex
1684 2221 1780 2252 ver-

77 2276 197 2322 sibus
228 2277 423 2334 tragiciS‚
454 2278 629 2323 tertiam
660 2278 754 2324 fere
785 2290 841 2324 ex
870 2278 1071 2324 versibus
1104 2278 1289 2326 comicis,

219 2348 363 2403 Haec,
404 2351 532 2403 puto,
573 2348 796 2394 sufficiunt
829 2349 982 2404 quibus
1014 2360 1215 2393 excusem
1246 2349 1517 2403 libertatem,
1560 2361 1645 2403 qua
1675 2361 1780 2392 usus

79 2430 174 2462 sum
202 2418 248 2462 in
278 2418 419 2463 tribus
459 2418 546 2463 illis
582 2418 874 2464 trimetrorum
915 2418 1148 2476 generibus
1191 2419 1518 2463 constituendis.
1579 2419 1780 2463 Pluribus

79 2500 184 2533 vero
216 2501 418 2533 excusem
450 2497 631 2534 necesse
662 2492 752 2542 est,
798 2490 911 2544 quod
951 2489 1068 2533 inter
1097 2490 1219 2545 leges
1261 2502 1369 2543 quas
1411 2489 1494 2533 sibi
1526 2490 1782 2544 scripserint

78 2559 237 2615 tragici
283 2560 486 2604 subtilem
530 2559 648 2604 illam
694 2562 739 2603 et
784 2568 997 2614 nusquam
1044 2561 1099 2604 ab
1144 2560 1230 2603 illis
1277 2560 1486 2604 violatam
1527 2573 1780 2604 enumerare

80 2630 204 2672 omisi
232 2631 374 2685 legem
405 2642 516 2684 quae
547 2630 795 2672 nominatur
824 2630 1043 2673 Porsonis.

221 2700 343 2755 Quae
372 2700 456 2752 lex,
488 2712 582 2743 cum
613 2698 879 2754 tragicorum
909 2699 1002 2742 fere
1032 2700 1177 2742 nullus
1209 2702 1355 2743 exstet
1381 2712 1548 2753 versus,
1580 2700 1653 2753 qui
1684 2713 1779 2744 eam

4 2823 18 2829 „
79 2769 281 2827 frangat,
333 2771 388 2813 ab
434 2769 728 2825 Aristophane
778 2782 885 2813 sane
936 2770 1190 2825 saepissime
1242 2771 1445 2825 neglecta
1489 2773 1559 2814 est
1603 2783 1689 2814 non
1734 2772 1779 2815 iu

80 2840 253 2886 comicis
284 2840 422 2885 solum
452 2840 652 2885 versibus
684 2841 762 2884 sed
793 2840 925 2884 etiam
954 2840 999 2884 in
1028 2840 1300 2884 indissolutis
1342 2844 1387 2883 et
1422 2841 1626 2897 tragicis,
1668 2844 1781 2896 quod

224 2984 259 3027 1)
283 2984 439 3021 Mueller
462 2984 486 3020 l.
511 2984 535 3019 l.
561 2994 622 3030 pg.
650 2985 718 3021 188
730 2995 759 3021 s.
