2053 3404
862 285 1156 332 ..75-

301 418 388 462 Sed
419 418 551 461 etiam
582 418 728 473 plures
760 429 915 461 versus
946 416 1190 461 huiusmodi
1230 417 1275 461 in
1307 419 1668 472 comparationem
1700 432 1856 463 vocare

159 490 263 534 lieet
313 490 433 533 velut
484 491 564 532 Av.
607 487 692 531 123
725 501 806 541 ss.‚
866 489 1036 531 Thesm.
1082 487 1168 531 403
1201 501 1279 540 ss.‚
1337 488 1422 531 483
1454 502 1533 542 ss.;
1590 491 1707 533 Eccl.
1749 490 1857 542 821;

159 558 409 603 Pherecrat.
441 558 493 602 fr.
528 557 626 611 101,
657 558 881 613 Hermippi
913 558 966 602 fr.
1000 556 1047 612 13
1089 558 1193 602 alibi
1223 571 1309 601 non
1341 560 1480 601 totum
1510 571 1683 603 versum
1714 560 1859 613 explet

159 629 320 674 dictum
341 630 455 683 quod
474 628 666 673 refertur
685 629 807 674 velut
827 628 872 672 in
892 629 1094 673 versibus
1116 629 1225 673 Nub.
1247 629 1322 683 553
1344 630 1474 683 Vesp.
1497 628 1629 683 11833
1660 630 1760 673 Pac.
1782 630 1859 682 583

160 700 328 744 Cratini
358 700 411 744 fr.
442 700 541 744 252.

301 782 505 827 Videmus
536 782 582 827 in
613 783 808 827 omnibus
840 782 933 827 fere
965 795 1075 837 quae
1098 782 1228 827 attuli
1248 781 1457 837 exemplis
1478 782 1608 837 plane
1629 781 1862 836 expolitam

159 865 258 896 esse
289 866 379 897 rem
409 854 653 908 metricam,
696 855 808 908 quod
839 857 986 898 tamen
1027 855 1161 897 multo
1194 854 1325 897 aliter
1355 866 1402 897 se
1435 854 1586 905 habet,
1627 852 1701 896 ubi
1732 852 1896 908 pluri-cx

161 926 239 967 bus
280 925 479 968 versibus
520 925 785 978 referuntur,
833 938 944 979 quae
987 925 1098 968 alius
1141 924 1237 978 quis
1278 924 1451 968 dixerit.
1521 923 1732 978 Exemplo
1775 923 1864 966 sint

159 996 329 1039 Thesm.
361 1009 432 1040 vv.
464 995 549 1039 414
571 1009 628 1040 ss.

336 1072 407 1118 *ὦ
437 1079 678 1132 σκυτοτόμε
707 1093 793 1131 μου
823 1081 901 1132 τῆς
930 1078 1130 1131 γυναικὸς
1159 1080 1239 1118 τοῦ
1272 1078 1415 1124 ποδὸς

370 1147 422 1189 τὸ
456 1148 736 1192 δακτυλίδιον
767 1147 909 1199 πιέζει
938 1147 990 1191 τὸ
1024 1147 1152 1203 ζυγὸν

335 1214 453 1260 *ἅθ’
484 1218 663 1261 ἁπαλὸν
696 1217 759 1263 ὅν.
789 1218 907 1261 τοῦτ’
940 1215 1015 1261 οὖν
1047 1219 1103 1261 σὺ
1134 1222 1212 1274 τῆς
1241 1222 1519 1275 μεσημβρίας

312 1287 358 1312 **
372 1288 519 1331 ἐλθών
549 1288 766 1342 χάλασον,
801 1284 919 1338 ὅπως
950 1287 1006 1332 ἄν
1037 1289 1273 1346 εὐρυτέρως
1305 1287 1396 1345 ἔχῃ.

976 1428 1044 1473 18.

298 1512 544 1557 Proximum
576 1515 655 1565 est,
688 1526 783 1556 cum
815 1513 867 1556 de
900 1512 1028 1556 dictis
1059 1512 1183 1557 nobis
1205 1526 1276 1557 res
1298 1513 1443 1567 fuerit,
1476 1516 1524 1556 ut
1546 1513 1600 1557 de
1620 1514 1863 1569 proverbiis

158 1586 288 1638 atque
329 1583 559 1628 sententiis
602 1597 781 1639 agamus
824 1597 904 1628 usu
944 1584 1132 1639 receptis
1174 1585 1245 1629 vel
1287 1598 1395 1638 quas
1436 1585 1571 1640 recipi
1609 1598 1661 1629 ac
1691 1586 1863 1630 versari

156 1654 272 1699 inter
302 1654 495 1699 homines
527 1657 683 1711 poetae
714 1655 958 1700 voluerunt.

334 1736 474 1787 *τοὺς
505 1737 555 1780 δὲ
588 1738 772 1789 ξενίζειν
805 1736 1025 1781 οὐδέποτέ
1057 1737 1091 1793 γ’
1124 1738 1236 1793 ἴσχει
1265 1738 1403 1796 θύρα.
1479 1740 1586 1784 Ach.
1620 1737 1704 1783 127

158 1810 290 1852 schol.
322 1812 564 1863 παροιμία·
589 1842 598 1852 .
621 1842 630 1851 .
653 1843 662 1851 .
692 1809 913 1865 μέμνηται
942 1810 1016 1851 καὶ
1047 1807 1242 1858 Εὔπολις
1274 1810 1321 1851 ἐν
1358 1809 1509 1858 Φίλοις
1541 1809 1615 1866 (fr.
1647 1810 1767 1866 265).

368 1876 489 1935 ἕρδοι
520 1895 583 1929 τις
614 1877 667 1935 ἣν
696 1873 883 1928 ἕκαστος
915 1878 1050 1938 εἰδείη
1081 1880 1252 1938 τέχνην.
1476 1881 1607 1936 Vesp.
1641 1881 1752 1925 1431

370 1949 500 1992 οὐδὲν
530 1950 611 2005 γάρ
634 1949 766 2004 ἐσμεν
786 1949 905 2005 πλὴν
924 1952 1158 1993 Ποσειδῶν
1187 1952 1261 1992 καὶ
1283 1952 1447 2008 σκάφη.
1474 1953 1577 2007 Lys.
1612 1952 1695 1995 139

370 2021 420 2065 οὐ
440 2021 523 2078 γὰρ
543 2020 721 2078 μοχλῶν
742 2023 818 2065 δεῖ
823 2021 1001 2078 ’μᾶλλον
1022 2018 1052 2078 ἢ
1071 2025 1152 2066 νοῦ
1170 2024 1245 2067 καὶ
1266 2025 1452 2079 φρενῶν.
1475 2024 1580 2080 Lys.
1612 2024 1698 2068 432

370 2088 465 2136 οἷόν
494 2108 541 2149 γε
569 2090 748 2136 τοῦστιν
780 2092 829 2136 αἱ
857 2092 998 2150 σοφαὶ
1029 2094 1270 2144 ξυνουσίαι.
1475 2095 1646 2140 Thesm.
1678 2094 1732 2139 21

369 2161 550 2208 ἅπαντα
579 2168 640 2218 τῷ
670 2164 879 2206 πλουτεῖν
907 2164 991 2219 γάρ
1023 2165 1125 2207 ἐσθ’
1156 2165 1347 2220 ὑπήκοα.
1474 2167 1590 2210 Plut.
1625 2166 1709 2209 146

369 2233 465 2277 ἀλλ’
498 2233 584 2278 εἶσὶ
614 2237 694 2278 τοῦ
724 2233 905 2290 κέρδους
937 2230 1132 2285 ἅπαντες
1164 2231 1355 2292 ἥττονες.
1478 2238 1592 2282 Plut.
1625 2236 1710 2281 363

370 2305 514 2348 πάλαι
545 2305 646 2348 ποτ’
676 2302 793 2362 ἦσαν
825 2303 999 2361 ἄλκιμοι
1028 2305 1258 2364 Μιλήσιοι.
1417 2307 1859 2353 Plut.1002—-1075

369 2378 468 2421 ἐπεὶ
500 2377 758 2428 ζαπλουτῶν
790 2376 941 2420 οὐκέθ’
971 2373 1128 2433 ἥδεται
1159 2382 1293 2436 φακῇ.
1478 2381 1593 2426 Plut.
1626 2381 1741 2425 1004

370 2449 396 2506 ἠ
426 2448 595 2505 γλῶττα
626 2450 687 2504 τῷ·
716 2448 866 2504 κήρυκι
895 2447 1064 2491 τούτων
1093 2449 1314 2505 τέμνεται.
1479 2452 1593 2497 Plut.
1627 2452 1742 2497 1110

369 2521 529 2575 πατρὶς
558 2520 640 2575 γάρ
671 2519 766 2561 ἐστι
796 2519 907 2562 πᾶσ’
930 2519 983 2561 ἵν’
1005 2518 1062 2562 ἂν
1092 2521 1268 2578 πράττῃ
1299 2539 1364 2571 τις
1386 2519 1446 2565 εὖ.
1479 2525 1593 2567 Plut.
1626 2524 1738 2567 1151

371 2590 422 2634 οὐ
442 2590 524 2647 γὰρ
546 2589 681 2634 δόλου
701 2591 780 2633 νῦν
801 2588 941 2647 ἔργον,
966 2589 1063 2633 ἀλλ’
1085 2590 1244 2636 ἁπλῶν
1263 2594 1456 2650 τρόπων.
1479 2595 1592 2639 Plut.
1626 2594 1741 2639 1158

370 2662 545 2717 πλούτῳ
574 2661 657 2717 γάρ
689 2662 784 2704 ἐστι
814 2664 945 2705 τοῦτο
978 2664 1330 2721 συμφορώτατον
1479 2666 1593 2711 Plut.
1626 2665 1741 2710 1162

371 2735 515 2775 ποιεῖν
546 2732 713 2787 ἀγῶνας
741 2733 977 2786 μουσικοὺς
1005 2729 1095 2776 καῖ’
1109 2737 1351 2790 γυμνικούς.

370 2804 554 2861 θάρρει·
585 2803 726 2853 καλῶς
757 2801 886 2847 ’ἐσται
914 2804 1012 2860 γάρ,
1043 2802 1100 2863 ἢν
1130 2806 1240 2855 θεὸς
1270 2806 1400 2864 θέλῃ.
1477 2808 1592 2852 Plut.
1626 2807 1740 2851 1188

368 2888 442 2930 καὶ
471 2889 552 2943 γὰρ
583 2886 634 2930 τὸ
665 2890 798 2944 γῆμαι
827 2889 902 2930 καὶ
932 2888 984 2930 τὸ
1014 2890 1074 2946 μὴ
1107 2892 1242 2946 γῆμαι
1270 2892 1418 2933 κακόν.
1476 2891 1620 2936 Sosar.
1636 2889 1696 2948 (P)
1710 2891 1763 2936 fr.
1780 2892 1859 2937 v.5

367 2961 564 3016 κρεῖττον
595 2961 769 3003 σιωπᾶν
800 2958 921 3023 ἐστιν
950 2957 977 3016 ἢ
1010 2959 1162 3005 λαλεῖν
1190 2962 1351 3020 μάτην.
1477 2962 1646 3008 Philon.
1675 2962 1729 3009 fr.
1763 2962 1818 3008 17
