2053 3404
955 242 1246 288 ..52-

461 374 561 420 ἰδού
590 374 777 428 θέασαι,
807 373 914 428 κούχ
945 368 1150 423 ἅπαντας
1180 372 1363 431 ἐκφέρω.
1567 374 1678 428 Equ.
1710 373 1796 418 996

400 446 549 503 -οἴμ’
581 446 637 495 ὥς
667 448 838 500 χεσείω,
868 443 975 499 κούχ
1007 438 1214 493 ἅπαντας
1244 443 1426 501 ἐκφέρω.

246 530 516 586 Sagittarius
547 541 727 584 quoque,
758 527 879 572 cuius
912 528 966 572 de
994 526 1197 573 versibus
1226 527 1465 572 laxissimis
1496 541 1630 583 supra
1661 528 1751 571 dixi
1782 527 1847 585 (in
1879 528 1953 572 ad-

245 601 471 645 notatione
491 615 562 656 pg.
578 599 667 656 34),
698 612 794 643 cum
813 599 1129 643 Mnesilochum
1151 599 1315 643 ducens
1337 600 1532 654 prodeat,
1562 599 1732 643 initium
1751 600 1955 653 loquendi

246 684 378 717 versu
408 670 666 715 indissoluto
697 668 828 714 facit:
1834 722 1842 731 ·

459 752 651 794 ἐνταῦτα
679 754 761 793 νῦν
793 750 950 804 οἰμῶξι
978 750 1092 805 πρὸς
1120 751 1203 805 τὴν
1234 750 1421 806 αἰτρίαν.
1565 753 1737 795 Thesm.
1770 751 1881 794 1001

389 835 476 880 Sed
505 834 592 880 iam
622 833 733 879 satis
764 833 904 879 multa
934 833 1133 890 exempla
1153 833 1256 878 mihi
1277 833 1479 879 attulisse
1500 833 1663 888 videor,
1694 834 1952 890 praesertim

246 920 342 950 cum
376 919 539 959 verear,
570 918 626 948 ne
657 905 747 949 sint
778 904 851 959 qui
882 905 1032 948 dicant
1062 905 1234 948 omnino
1265 905 1417 947 mirum
1437 917 1524 947 non
1546 917 1656 958 esse,
1688 906 1801 959 quod
1821 908 1953 960 poeta

246 990 503 1021 scaenarum
532 976 703 1020 initium
734 975 935 1020 versibus
968 975 1077 1019 artis
1109 975 1392 1031 elegantioris
1424 975 1635 1019 distinxit.

386 1212 553 1257 Eodem
596 1212 722 1256 modo
769 1224 852 1266 quo
898 1211 944 1255 in
983 1211 1108 1256 initio
1150 1223 1428 1265 scaenarum,
1473 1211 1519 1255 in
1563 1211 1649 1255 fine
1695 1224 1951 1256 scaenarum

245 1283 396 1327 comici
427 1285 585 1338 poetae
614 1296 707 1326 rem
736 1282 961 1326 metricam
992 1282 1246 1337 diligentius
1278 1295 1432 1326 curare
1463 1283 1617 1327 solent.
1668 1284 1763 1326 Hoc
1785 1296 1952 1337 quoque

245 1353 397 1397 mirum
428 1366 514 1397 non
547 1365 645 1397 esse
677 1353 796 1397 dicat
825 1352 1040 1406 fortasse,
1082 1353 1150 1397 cui
1191 1366 1246 1397 ex
1277 1353 1586 1409 Shakespearii
1627 1353 1721 1398 sive
1753 1354 1953 1398 Schilleri

244 1424 406 1467 fabulis
437 1424 482 1467 id
513 1426 662 1467 notum
704 1426 773 1467 est
804 1423 1058 1467 distinxisse
1097 1423 1196 1467 illos
1237 1436 1494 1467 scaenarum
1530 1425 1602 1468 vel
1639 1426 1813 1467 actuum
1844 1424 1951 1468 fines

243 1506 449 1538 versuum
490 1493 697 1538 clausulis
736 1493 854 1538 inter
894 1506 942 1537 se
984 1493 1337 1538 consonantibus.
1397 1494 1561 1538 Tamen
1602 1496 1647 1538 et
1687 1493 1952 1538 Graecorum

243 1567 469 1619 poetarum
501 1564 730 1608 artificium
763 1564 939 1621 dignum
971 1566 1062 1618 est,
1103 1564 1217 1619 quod
1248 1564 1497 1609 accuratius
1530 1564 1838 1619 consideretur,
1880 1566 1953 1619 qui

243 1636 410 1681 scilicet
441 1648 527 1680 non
549 1637 900 1684 homoeoteleuta
930 1636 1009 1680 sed
1031 1636 1189 1691 pedum
1208 1638 1381 1680 tantum
1401 1637 1667 1680 structuram
1688 1637 1951 1681 exactiorem

221 1707 299 1751 >ad
331 1707 494 1751 exitum
525 1706 858 1762 significandum
891 1706 1171 1751 adhibebant.

384 1788 672 1844 Inspiciamus
703 1788 923 1843 exempla:

456 1858 539 1914 τὴν
569 1858 730 1902 ἀσπίδ’
752 1858 880 1914 αἴρου
909 1858 984 1901 καὶ
1014 1857 1161 1913 βάδιζ’
1194 1854 1227 1900 ὦ
1258 1860 1350 1901 παῖ
1373 1858 1535 1914 λαβών.
1565 1861 1672 1904 Ach.
1705 1859 1821 1904 1140

461 1928 560 1972 ἰδοῦ
590 1929 763 1984 βάδιζε.
791 1927 934 1985 μηδὲν
964 1927 1079 1985 ἡμᾶς
1110 1927 1281 1983 ἰσχέτω.
1565 1931 1675 1985 Equ.
1708 1930 1794 1975 724

456 2000 617 2057 βάδιζε
646 2003 797 2043 τοίνυν
826 1995 1031 2056 ὕστερος·
1064 1999 1120 2043 σύ
1152 1998 1193 2043 δ’
1221 1994 1255 2042 ὦ
1284 2003 1423 2044 Σίκων
1566 2002 1683 2046 Eccl.
1715 2001 1801 2046 867

455 2072 528 2114 καὶ
560 2070 806 2128 Παρμένων
837 2070 1025 2128 αἴρεσθε
1054 2070 1137 2128 τὴν
1167 2074 1452 2130 παμπησίαν.
1541 2104 1546 2108 ·

420 2141 623 2198 *βάδιζ’·
656 2141 736 2197 ἐγὼ
768 2142 819 2185 δέ
852 2154 934 2185 σου
963 2141 1155 2185 κατόπιν
1185 2140 1454 2199 εἰσέρχομαι.
1563 2145 1676 2188 Plut.
1710 2143 1824 2187 1094

457 2211 636 2255 ἄπελθε
666 2213 849 2270 ταυτηνὶ
879 2212 1042 2267 λαβών.
1073 2250 1121 2254 .-
1152 2212 1419 2269 ἀπέρχομαι.
1567 2217 1674 2259 Aah.
1707 2214 1792 2258 465

457 2282 636 2327 ἄπελθε
665 2284 843 2326 τουτονὶ
873 2283 1036 2339 λαβών.
1067 2322 1115 2326 -
1146 2284 1413 2339 ἀπέρχομαι.
1563 2289 1646 2331 AV.
1677 2285 1764 2330 948

458 2352 627 2396 ἄπελθ’
649 2353 728 2410 ἀφ’
749 2353 874 2409 ἡμῶν
903 2355 979 2395 καὶ
1010 2354 1065 2396 σὺ
1095 2354 1171 2395 καὶ
1200 2353 1258 2395 τά
1290 2354 1535 2410 στέμματα.
1567 2357 1649 2400 Av.
1680 2355 1766 2399 893

456 2425 531 2467 καὶ
562 2424 861 2474 ξυσταθεύσω
887 2426 1058 2471 τοῦτον.
1090 2423 1187 2467 ἀλλ’
1215 2424 1457 2468 ἀπέλθετε.
1568 2427 1670 2482 Lys.
1701 2426 1788 2470 844

1058 2529 1068 2540 .
1091 2529 1100 2540 .
1132 2494 1228 2538 ἀλλ’
1258 2495 1435 2538 εἴσιτον.
1567 2498 1676 2541 Rau.
1708 2496 1793 2541 669

458 2566 482 2609 ὁ
515 2565 740 2623 δεσπότης
769 2565 852 2622 γὰρ
884 2566 1018 2617 αὐτὸς
1048 2567 1162 2622 ὑμᾶς
1190 2567 1404 2623 γνώσεται

455 2636 511 2695 χή
549 2635 840 2694 Φερσεφάτθ’
872 2632 941 2680 ἅτ’
972 2635 1073 2701 όντε
1101 2636 1284 2681 κάκείνω
1314 2639 1424 2682 θεώ.

457 2709 553 2752 ἀλλ’
579 2707 728 2754 εἴσιθ’.
760 2708 818 2758 ὥς
847 2708 899 2751 τὸ
931 2709 1094 2766 πρᾶγμ’
1115 2708 1288 2765 ἐλέγξαι
1317 2710 1538 2767 βούλομαι
1568 2713 1702 2757 Arist.
1735 2713 1787 2758 fr.
1818 2713 1904 2758 246

455 2784 601 2824 τουτί·
633 2797 670 2826 κ.
690 2797 728 2825 τ.
749 2779 788 2825 λ.
1980 2786 1986 2790 ”

704 2886 714 2898 ,
736 2886 746 2897 .
778 2850 845 2908 ἄγ’
876 2850 932 2901 ὥς
960 2851 1210 2912 τάχιστ’ςές
1239 2854 1321 2911 τὴν
1351 2853 1521 2912 λόχμην
1565 2857 1647 2900 AV.
1678 2854 1766 2899 207

456 2921 637 2979 ’έσβαινε
665 2921 889 2981 κάνέγειρε
916 2923 1000 2979 τὴν
1029 2922 1216 2981 ἀηδόνα.
