2053 3404
892 210 1185 255 ..79-

398 344 499 394 τούς
530 343 570 386 δ’
592 344 637 386 ἐκ
668 344 837 398 πατρός
865 358 914 384 τε
943 341 1018 384 καὶ
1047 339 1306 396 γεραιτέρων
1336 338 1487 394 λόγους

402 415 595 465 πολλοὺς
627 413 842 457 ἅκούσαθ
874 413 926 455 οὐ
955 412 1245 467 μεμούσωμαι
1274 408 1464 465 κακῶς.1)

401 524 521 566 οἴνου
550 523 631 578 γὰρ
663 518 805 578 εῧροις
837 519 893 563 ἄν
922 536 965 563 τι
996 518 1374 574 πρακτικώτερον;
1508 517 1617 570 Equ.
1649 516 1703 559 91

403 595 523 651 δρᾷς,
556 589 663 636 ὅταν
695 596 884 635 πίνωσιν
915 586 1153 645 ἅνθρωποι
1183 589 1286 631 τότε

364 664 387 688 *
401 665 661 718 πλουτοῦσι,
693 663 1041 719 διαπράττουσι,
1072 663 1249 704 νικῶσιν
1281 662 1421 713 δίκας,

400 735 753 790 εὐδαιμονοῦσιν,
787 732 1012 789 ὠφελοῦσι
1042 731 1145 779 τοὺς
1177 730 1344 787 φίλους.

994 836 1055 882 ὢν
1084 840 1339 881 τυννουτονὶ
1507 838 1616 882 Nub.
1648 837 1734 880 878

399 911 617 957 ἔπλαττεν
649 912 779 956 ἔνδον
810 911 949 962 οἰκίας
978 912 1087 960 ναῦς
1116 909 1154 953 τ’
1185 908 1384 966 ἔγλυφεν,

401 986 623 1040 ἁμαξίδας
653 1002 701 1027 τε
733 978 938 1032 σκυτίνας
969 981 1208 1038 εἰργάζετο,

343 1055 483 1099 **κα’κ
502 1059 589 1099 τῶν
611 1058 766 1099 σιδίων
785 1052 1203 1113 βατράχουςξὲποίει
1224 1056 1318 1103 πῶς
1339 1055 1492 1103 δοκεῖς.

364 1157 434 1205 *ὦ
466 1166 593 1221 χαῖρε
623 1162 814 1220 φίλτατ’·
849 1161 899 1205 οὐ
929 1163 1012 1218 γὰρ
1044 1161 1198 1211 ἀκλεὲς
1228 1158 1425 1217 τοῦνομα
1510 1162 1612 1216 LyS.
1645 1160 1730 1203 853

400 1234 451 1277 τὸ
486 1234 568 1276 σὸν
598 1233 705 1290 παρ’
735 1234 841 1288 ἡμῖν
872 1233 994 1276 ἐστιν
1027 1232 1120 1275 οὐδ’
1152 1232 1397 1288 ἀνώνυμον.

403 1304 474 1346 ἀεὶ
502 1303 585 1359 γὰρ
616 1303 642 1359 ἡ
674 1304 779 1360 γυνή
815 1303 855 1346 σ’
886 1301 976 1361 ’έχει
1007 1303 1083 1347 διὰ
1116 1304 1274 1358 στόμα.

400 1373 483 1418 κᾶν
514 1373 601 1430 ᾠὸν
630 1371 658 1430 ἢ
688 1374 831 1432 μῆλον
860 1373 994 1432 λάβῃ,
1025 1377 1214 1431 Κινησίᾳ

400 1447 523 1489 τουτὶ
542 1446 725 1502 γένοιτο,
748 1450 898 1504 φησίν.
920 1481 929 1491 .
943 1481 974 1491 ..
994 1443 1078 1488 κᾶν
1100 1447 1202 1501 περὶ
1224 1446 1400 1502 ἀνδρῶν
1419 1446 1454 1500 y'
1466 1447 1640 1503 ἐμπέσῃ
1674 1445 1773 1499 857,
1806 1446 1892 1489 858

400 1518 526 1573 λόγος
552 1534 636 1572 τις,
668 1516 799 1574 εἴρηκ’
831 1517 999 1566 εὐθέως
1029 1518 1056 1573 ἦ
1091 1517 1147 1573 σὴ
1179 1518 1281 1573 γυνὴ

342 1587 389 1612 **
404 1585 486 1642 ὅτι,
517 1588 651 1644 λῆρός
682 1587 777 1631 ἐστι
806 1586 948 1630 τᾶλλα
979 1587 1091 1644 πρὸς
1122 1592 1347 1646 Κινησίαν.

323 1697 391 1753 (**
403 1696 459 1746 ὡς
491 1695 703 1751 οὐδεμίαν
731 1694 848 1751 ἔγωγ’
877 1694 964 1750 ἔχω
994 1700 1096 1751 βίου
1126 1697 1271 1751 χάριν,
1508 1697 1612 1751 Lys.
1644 1695 1730 1738 865

402 1767 451 1818 ἐξ
483 1761 622 1823 οὗπερ
654 1762 764 1825 αὕτη
796 1766 979 1825 ’ξηλθεν
1010 1766 1056 1809 ἔκ
1085 1769 1162 1823 τῆς
1196 1766 1374 1824 οἰκίας)

405 1838 489 1880 ἆλλ
520 1836 724 1892 ἄχθομαι
753 1838 836 1894 μὲν
867 1837 1029 1891 εἰσιών,
1062 1836 1203 1896 ἐ’ρημα
1234 1840 1287 1883 δὲ

403 1904 516 1953 εἶναι
547 1912 673 1954 δοκεῖ
694 1926 770 1966 μοι
800 1910 968 1964 πάντα,
1000 1912 1092 1960 τοῖς
1123 1909 1174 1953 δὲ
1206 1914 1362 1960 σιτίοις

344 1983 392 2010 **
405 1981 537 2036 χάριν
568 1981 780 2036 οὐδεμίαν
812 1976 896 2024 οἷδ’
928 1981 1118 2024 ἐσθίων·
1152 1979 1314 2025 ἔστυκα
1342 1982 1439 2036 γάρ.

192 2079 329 2123 Poeta
359 2089 490 2123 versu
520 2077 683 2130 ultim0‚
727 2090 808 2131 quo
841 2078 897 2121 ad
926 2077 1152 2122 lasciviam
1185 2078 1454 2130 comoediae,
1496 2078 1646 2122 eodem
1677 2077 1809 2121 etiam
1842 2078 1898 2121 ad

193 2152 332 2192 artem
361 2148 587 2192 metricam
616 2148 826 2192 laxiorem
856 2149 982 2193 redit.

968 2235 1358 2293 μεθυπεδησάμην
1508 2235 1629 2278 Eool.
1661 2233 1746 2276 544

402 2305 647 2364 μιμουμένη
679 2318 730 2349 σε
759 2305 834 2348 καὶ
863 2307 1095 2349 κτυποῦσα
1125 2307 1222 2349 τοῖν
1253 2307 1415 2349 ποδοῖν

403 2377 477 2419 καὶ
507 2376 609 2426 τούς
637 2376 796 2427 λίθους
826 2380 1028 2420 παίουσα
1057 2381 1111 2434 τῇ
1141 2382 1369 2436 βακτηρίᾳ.

332 2471 493 2516 Ultimo
540 2472 724 2527 denique
769 2473 863 2516 loco
909 2472 1139 2517 nonnullos
1184 2473 1314 2518 Pacis
1364 2485 1517 2516 versus
1567 2473 1898 2528 perpendamus.

190 2546 305 2588 Pace
336 2556 516 2588 reversa
535 2546 667 2598 poeta
687 2545 936 2600 Trygaeum
967 2545 1020 2589 de
1053 2546 1173 2589 caelo
1194 2546 1325 2589 urbes
1346 2545 1560 2589 Graeciae
1592 2546 1897 2590 observantem

192 2614 310 2668 fecit,
341 2613 467 2668 quasi
496 2613 690 2669 virgines
722 2615 812 2659 siut
842 2615 1033 2670 periculo
1064 2615 1279 2683 liberatae
1308 2616 1538 2670 laetaeque
1570 2615 1839 2671 garrientes:

335 2781 372 2845 l)
395 2803 600 2839 Scholiasta
632 2803 802 2849 Euripidi
832 2805 900 2840 hos
933 2816 1058 2842 versus
1092 2805 1231 2842 tribuit.
1288 2806 1332 2842 ef.
1366 2816 1452 2841 vero
1492 2816 1584 2850 quae
1614 2805 1675 2841 W.
1700 2805 1896 2841 Passovius

191 2863 247 2900 De
271 2861 513 2920 Aristophaue
538 2861 765 2899 defendendo
792 2866 920 2901 contra
943 2864 1173 2902 invasionem
1197 2864 1443 2911 Euripidem.
1493 2864 1584 2901 Pars
1608 2863 1722 2910 prior,
1747 2863 1896 2901 Hirsch-

190 2921 299 2967 bergi
323 2932 356 2959 a.
383 2921 474 2957 189⁷
496 2929 558 2966 pgr.
588 2922 631 2956 18
656 2921 791 2966 optime
818 2922 1019 2959 adnotavit.
