2053 3404
933 316 1227 361 ,10-

220 445 502 499 premendum
532 445 636 488 mihi
667 447 737 488 est
768 458 896 499 quam
927 445 1125 498 maxime,
1168 458 1263 488 cum
1294 447 1441 490 tamen
1471 448 1540 490 tot
1567 446 1675 490 Iocis
1708 444 1930 500 apertissi-

220 528 334 559 mum
375 515 434 559 sit
465 515 801 570 Aristophanem
846 516 892 559 id
933 529 1131 568 curasse,
1176 518 1227 559 ut
1263 516 1481 571 legitimos
1528 519 1571 559 et
1617 529 1748 571 puros
1789 518 1834 559 et
1874 516 1930 559 ad

220 598 416 629 normam
447 586 656 629 cadentes
688 585 884 629 senarios
915 588 1188 640 proponeret.
1241 586 1396 640 Itaque
1426 586 1558 631 venia
1587 586 1711 632 nobis
1742 586 1932 642 petenda

222 659 312 710 est3
358 656 615 709 ubicumque
661 655 773 699 enim
817 657 870 700 de
910 656 1092 711 tragicis
1133 656 1343 700 trimetris
1389 657 1516 701 huius
1558 657 1728 711 quidem
1773 659 1930 712 poetae

220 727 410 771 locuturi
440 739 599 779 sumus,
629 726 675 769 id
705 726 770 769 ita
800 726 1141 782 intellegendum
1173 739 1272 771 esse
1301 729 1469 781 teneas,
1499 730 1549 772 ut
1580 728 1633 771 de
1662 727 1930 772 Porsoniano

222 799 364 842 edicto
395 810 451 841 ne
483 797 735 851 cogitemus.

363 867 682 922 Aristophanes
729 880 838 911 sane
887 868 1003 912 hanc
1053 881 1221 922 quoque
1271 868 1335 912 rei
1385 868 1593 913 metricae
1643 868 1931 913 subtilitatem

222 938 372 982 sensit.
434 939 540 981 Cum
580 938 679 993 lege
720 938 941 982 severiore
983 951 1081 981 sese
1122 938 1396 993 obstringere
1437 939 1595 991 nollet,
1636 941 1783 982 tamen
1812 938 1932 981 intra

222 1008 309 1052 tria
343 1007 421 1052 illa
450 1007 746 1056 trimetrorum
785 1021 951 1063 genera
993 1021 1080 1052 non
1121 1008 1219 1063 pari
1258 1008 1438 1053 licentia
1477 1021 1582 1052 usus
1623 1011 1714 1063 est,
1754 1022 1856 1052 nam
1885 1009 1929 1052 in

221 1078 432 1122 trimetris
464 1079 748 1134 elegantioris
781 1078 947 1122 formae
978 1079 1285 1134 componendis
1318 1080 1447 1134 paulo
1480 1079 1728 1123 accuratius
1760 1080 1931 1124 curavit

220 1150 363 1205 legem
393 1149 601 1193 Porsonis
638 1162 767 1204 quam
803 1149 849 1193 in
880 1149 1052 1194 ceteris.
1112 1150 1324 1205 Exemplo
1356 1150 1446 1194 sint
1475 1150 1821 1194 Acharnensium
1853 1150 1929 1193 tri-

221 1222 362 1264 metri.
439 1220 600 1264 Cretici
644 1233 821 1265 versum
867 1221 1198 1273 concludentes,
1249 1220 1344 1265 sive
1389 1221 1626 1275 praecedat
1671 1221 1930 1265 vocabulum

222 1290 504 1344 spondiacum
537 1289 631 1334 sive
663 1302 749 1333 non
780 1290 1040 1345 praecedat,
1079 1290 1199 1334 intra
1230 1290 1573 1335 Acharnensium
1613 1291 1835 1334 trimetros
1865 1291 1929 1333 in·
1974 1295 1976 1298 ’

222 1361 460 1404 dissolutos
491 1360 654 1416 singuli
685 1363 865 1406 exstant
894 1361 940 1404 in
970 1360 1171 1406 versibus
1198 1360 1238 1414 2,
1254 1373 1312 1414 69,
1342 1361 1461 1405 intra
1489 1361 1710 1405 trimetros
1738 1361 1929 1405 eiusdem

222 1431 400 1475 fabulae
446 1432 640 1487 tragicos
695 1432 741 1475 in
786 1432 988 1477 versibus
1035 1431 1075 1486 2,
1096 1444 1165 1486 74,
1220 1431 1339 1476 intra
1382 1432 1604 1479 trimetros
1656 1432 1840 1476 comicos
1883 1431 1929 1475 in

223 1504 424 1547 versibus
462 1503 503 1556 2,
525 1516 583 1550 67.
645 1505 781 1547 Pares
819 1517 923 1558 ergo
966 1504 1241 1547 condiciones
1283 1503 1513 1556 unicuique
1544 1516 1748 1547 versuum
1779 1503 1930 1557 generi

223 1575 338 1627 sunt,
370 1574 567 1618 attamen
596 1585 668 1617 res
699 1573 765 1618 ita
795 1586 844 1617 se
875 1574 1031 1618 habet:
1070 1573 1187 1617 inter
1217 1576 1424 1617 centenos
1455 1586 1623 1627 versus,
1665 1573 1737 1627 qui
1768 1573 1929 1617 cretico

221 1644 454 1698 finiuntur,
505 1644 694 1688 trimetri
741 1647 844 1688 sunt
890 1644 1140 1689 indissoluti
1176 1643 1246 1699 62,
1266 1656 1331 1697 ss,
1372 1644 1532 1700 tragici
1569 1636 1639 1698 58,
1659 1657 1728 1698 42,
1779 1644 1930 1689 comici

222 1715 292 1769 56,
312 1728 372 1768 57,
412 1716 484 1769 qui
525 1728 632 1759 non
668 1716 896 1760 violant
931 1717 1074 1772 legem
1103 1717 1323 1760 Porsonis.
1384 1717 1504 1771 Ergo
1536 1716 1607 1760 vel
1644 1728 1700 1759 ex
1729 1717 1933 1771 neglecta

221 1787 311 1830 ista
341 1786 441 1841 1636
471 1787 593 1845 recte
623 1786 744 1830 illam
773 1785 1114 1841 tripartitionem
1145 1799 1193 1830 se
1224 1787 1388 1830 habere
1419 1788 1614 1841 apparet.
1675 1802 1678 1805 ’

365 1857 492 1900 Η660
511 1858 651 1900 1161160
684 1870 796 1910 quae
827 1857 1104 1911 praemittam
1135 1858 1189 1900 de
1220 1857 1372 1900 formis
1402 1857 1709 1909 trimetrorum,
1745 1870 1856 1910 quae
1887 1857 1932 1900 in

224 1926 447 1970 comoedia
476 1926 770 1971 inveniantur.
822 1926 1080 1981 Priusquam
1112 1929 1258 1971 autem
1290 1928 1347 1971 ad
1376 1939 1468 1971 rem
1498 1927 1762 1982 propositam
1794 1927 1934 1982 ipsam

223 1997 554 2053 aggrediamur,
596 1998 889 2051 quaerendum
930 1998 1056 2042 nobis
1098 1998 1202 2050 erit,
1244 2011 1330 2051 qua
1360 1998 1435 2042 via
1464 1999 1604 2041 totam
1634 1998 1931 2051 quaestionem

223 2068 277 2111 de
308 2067 519 2112 trimetris
551 2067 823 2113 indissolutis
854 2068 1149 2112 instituamus,

366 2280 712 2323 Acharnensium
754 2280 949 2341 tabulam
962 2313 973 2332 ,
1018 2292 1131 2333 quae
1171 2279 1352 2333 primam
1397 2279 1523 2322 nobis
1565 2291 1613 2321 se
1654 2278 1780 2322 offert
1818 2280 1934 2324 inter

226 2349 537 2405 Aristophanis
568 2349 757 2404 fabulas,
797 2349 846 2395 in
874 2350 959 2394 hac
989 2350 1267 2405 paragrapho
1300 2349 1442 2394 obiter
1470 2351 1802 2405 perscrutemur.
1863 2351 1934 2394 Ex

223 2423 322 2463 tota
351 2432 559 2464 versuum
595 2419 952 2463 indissolutorum
983 2419 1259 2463 multitudine
1288 2420 1388 2463 illos
1419 2419 1558 2462 solum
1588 2418 1837 2473 respiciam,
1879 2433 1933 2464 ex

224 2488 380 2543 quibus
422 2501 521 2533 mea
563 2488 751 2545 quidem,
783 2488 1006 2533 sententia
1044 2488 1231 2543 plurima
1271 2488 1380 2532 disci
1420 2489 1616 2542 possunt.
1686 2488 1746 2532 Ut
1787 2491 1932 2534 autem

222 2559 434 2615 graphice
479 2558 569 2604 tria
612 2558 691 2603 1116
736 2558 1029 2604 trimetrorum
1075 2570 1241 2615 genera
1286 2557 1575 2614 distinguam,
1620 2556 1665 2601 in
1710 2559 1806 2603 tota
1849 2561 1934 2604 hac

223 2630 480 2684 quaestione
531 2642 692 2673 unam
745 2632 1084 2684 anteponam
1140 2629 1440 2673 stellulam
1494 2627 1761 2671 versibus
1812 2632 1932 2673 tra-

222 2699 395 2757 gicis,
447 2700 586 2746 duas
633 2700 914 2745 stellulas
959 2699 1230 2746 versibus
1283 2697 1538 2752 comicis;
1588 2696 1933 2744 indissoluti

223 2773 357 2815 sunt
387 2783 575 2815 omnes
607 2771 813 2826 quibus
844 2771 992 2816 nihil
1021 2770 1345 2826 praefixum
1378 2771 1478 2813 est.

365 2841 655 2896 Inspiciamus
695 2841 1044 2886 Acharnensium
1084 2841 1332 2896 prologum:
1378 2839 1426 2884 in
1454 2838 1605 2893 primis
1637 2837 1692 2883 16
1732 2840 1932 2885 versibus
1972 2848 1978 2852 ’

223 2924 336 2956 unus
366 2911 496 2967 inest,
528 2912 602 2967 qui
631 2911 797 2956 nullum
829 2911 1025 2958 continet
1055 2911 1208 2968 pedem
1240 2910 1441 2964 solutum,
1471 2922 1646 2955 versum
1676 2909 1771 2954 dico
1805 2908 1859 2954 12

437 2984 531 3030 πῶς
561 2980 681 3024 τοῦτ’
712 2979 859 3024 ’ἔσεισέ
889 2997 977 3037 μου
1007 2983 1149 3030 δοκεῖς
1179 2981 1261 3038 τὴν
1282 2980 1506 3036 auorum,-
