2053 3404
792 277 1087 324 —51—

303 404 430 459 οὗτος
444 413 493 451 τί
502 410 679 459 κόπτεις
684 426 702 462 ,·
717 412 814 464 μῶν
829 409 907 465 ἐμὲ
924 410 1065 465 ζητεῖς
1070 424 1087 460 ,·
1098 446 1145 450 -
1156 408 1309 451 πόθεν
1314 426 1330 464 ;
1340 443 1350 454 .
1363 444 1372 454 .
1385 445 1394 454 .
1405 412 1523 455 Eccl.
1554 412 1638 455 976

302 479 379 523 οὐκ
407 479 637 535 ἠγόρευονς
675 474 804 529 οὗτός
835 479 925 523 ἔστ’
958 478 1034 521 οὐκ
1059 478 1271 534 Ἀργόλας.
1407 482 1528 524 Arist
1558 482 1610 525 fr.
1641 482 1727 525 298

302 550 378 593 οὐκ
407 550 616 606 ἠγόρευον
622 567 640 603 ,·
671 550 789 593 τοῦτ’
816 550 941 593 ἐκεῖν’
973 549 1084 604 οὑγὼ
1116 548 1265 603 ’hyon
1409 553 1515 595 Ach.
1547 552 1598 594 41

266 619 421 663 *τοῦτ’
440 617 538 662 ἔστι
567 621 690 663 τουτὶ
720 619 772 663 τὸ
802 621 938 663 κακὸν
969 617 1077 663 αὔθ’
1101 619 1211 675 οὑγὼ
1233 618 1383 675 'hymn
1409 622 1510 665 Pac.
1543 620 1598 664 64

299 695 365 741 τίς
395 690 592 746 ὡλολυγά
601 707 619 743 ,·
649 730 696 734 -
726 690 845 735 τοῦτ’
877 690 1002 734 ἐκεῖν’
1035 691 1145 746 οῦγώ
1178 689 1327 746 ’λεγον.
1405 693 1508 748 Lys.
1539 691 1626 736 240

263 789 287 815 *
300 786 397 829 ἀλλ’
407 786 645 842 Ἀμφίθεός
663 802 740 841 μοι
755 789 846 829 ποῦ’
862 786 973 829 ’στιν
978 802 996 838 ,·
1012 823 1059 828 -.
1076 785 1230 829 οὑτοσὶ
1250 786 1389 842 πάρα.
1406 788 1514 831 th.
1548 786 1631 830 129

301 857 396 899 ἀλλ’
428 857 558 915 αὑτηὶ
588 860 655 907 τίς
685 855 832 914 ἕστιν;
861 895 909 900 -
940 857 965 913 ἠ
997 857 1284 913 νυμφεύτρια.
1407 859 1514 902 Ach.
1547 856 1661 911 1056

300 931 391 972 ποῦ’
419 944 495 984 μοι
525 928 577 970 τὰ
609 933 689 971 τοῦ
719 928 980 984 Κλεωνύμου
1010 928 1095 970 ’στι
1126 929 1312 970 παιδίον
1320 946 1337 981 ,·
1408 930 1509 973 Pac.
1543 927 1656 972 1295

300 1000 373 1042 ὁδὶ
394 1001 446 1042 δὲ
467 998 521 1055 δὴ
544 1002 611 1048 τίς
632 997 753 1042 ἔστιν
774 997 917 1055 ὅρνις;
948 998 1026 1041 οὐκ
1057 998 1194 1055 έρεῖς;
1407 1001 1489 1044 AV.
1522 998 1578 1043 67

296 1070 373 1127 ἡδὶ
395 1069 446 1112 δὲ
468 1070 523 1125 δὴ
545 1072 611 1119 τίς
632 1067 755 1113 ἔστιν
774 1070 801 1126 ἡ
822 1069 874 1111 τὸ
898 1071 1081 1112 παιδίον
1100 1067 1117 1127 ΙΙ
1136 1066 1346 1126 ’έχουσαρ
1360 1104 1369 1114 .
1384 1102 1392 1111 .
1407 1071 1577 1115 Thesm.
1610 1069 1696 1113 608

237 1140 363 1190 **τίς
392 1141 473 1196 τὴν
502 1141 653 1196 θύραν
684 1141 909 1191 ἐπάταξεν
916 1157 934 1192 ,·
966 1141 1022 1189 ὥς
1051 1145 1336 1196 κενταυρικῶς
1402 1142 1513 1185 Ran.
1546 1141 1602 1183 38

297 1210 483 1267 ἐνήλαθ’
516 1205 647 1260 ὅστις.
680 1210 777 1254 εἶπέ
808 1226 885 1266 μοι
914 1211 1039 1254 τουτὶ
1068 1214 1117 1253 τί
1142 1205 1222 1267 ⁷32¹,-

296 1283 419 1324 τουτὶ
449 1286 498 1324 τί
521 1280 644 1337 ’έστι;
673 1319 720 1324 -.
750 1284 881 1323 τοῦτο
891 1298 907 1337 ,·
936 1281 1066 1339 λίμνη
1098 1281 1150 1337 νὴ
1183 1285 1271 1323 Δία
1402 1283 1513 1325 Ran.
1546 1281 1626 1324 181

296 1349 406 1409 αὕτη
436 1352 548 1395 ’στιν
579 1351 633 1409 ἣν
664 1351 828 1409 ἔφραζε
857 1353 932 1394 καὶ
962 1352 1125 1395 πλοῖόν
1154 1351 1189 1407 γ’
1223 1352 1322 1413 ὁρῶ.

213 1422 284 1466 ἡ*
296 1425 349 1479 νὴ
382 1423 463 1466 τὸν
493 1425 700 1466 Ποσειδῶ
730 1420 861 1465 κᾶστι
890 1422 925 1478 y'
959 1422 982 1464 ὅ
1014 1423 1177 1478 Χάρων
1209 1422 1376 1465 οὑτοσί.

570 1529 579 1539 .
601 1529 611 1539 .
632 1530 642 1539 .
663 1498 755 1537 ποῦ
785 1493 897 1537 ’στιν
926 1493 953 1552 ἡ
985 1496 1076 1544 τοῖς
1109 1493 1342 1549 ὀστράκοις
1401 1496 1512 1539 Ran.
1545 1494 1659 1538 1305

296 1561 407 1623 αὕτη
437 1568 658 1621 κροτοῦσα
668 1582 684 1617 ,-
716 1567 849 1621 δεῦρο
879 1564 1031 1624 Μοῦσ’
1061 1563 1323 1621 Εὐριπίδου.

296 1638 352 1679 σύ
374 1637 414 1679 δ’
436 1632 481 1679 εἴ
495 1640 587 1689 τίςς
619 1636 739 1692 ὠχροὶ
760 1636 842 1691 μὲν
860 1636 943 1691 γάρ
964 1630 1084 1689 εἷναί
1098 1651 1174 1689 μοι
1196 1636 1349 1685 δοκεῖς.
1401 1638 1515 1680 Plut.
1547 1636 1633 1680 422

294 1711 360 1756 τίς
382 1705 484 1750 ἔσθ’
508 1706 531 1749 ὁ
551 1706 730 1749 κόπτων
759 1706 841 1764 τὴν
872 1707 1021 1762 θύραν
1030 1722 1047 1758 ,·
1078 1706 1201 1748 τουτὶ
1230 1709 1279 1747 τί
1304 1701 1384 1761 ἧν,·
1401 1708 1515 1750 Plut.
1549 1706 1663 1750 1097

932 1775 1046 1819 εἰσὶν
1077 1777 1127 1819 δὲ
1160 1779 1277 1829 ποῦ,·
1403 1778 1538 1821 Arist.
1570 1777 1623 1822 fr.
1656 1777 1742 1821 388

234 1887 281 1892 -
297 1848 392 1891 αἷδὶ
421 1848 515 1891 κατ’
547 1848 685 1904 αὐτὴν
714 1847 770 1904 ἣν
798 1847 978 1903 βλέπεις
1007 1846 1089 1903 τὴν
1119 1847 1309 1892 εἴσοδον.

790 1917 885 1961 ἔστι
916 1954 926 1963 .
948 1953 959 1963 .
981 1953 990 1963 .
1021 1921 1153 1961 τοῦτο
1184 1922 1233 1961 τί
1238 1935 1255 1970 ,·
1399 1919 1787 1973 Plat.fr.173‚3ss.

235 2028 282 2033 -
301 1990 544 2041 Φιλοξένου
573 1990 704 2046 καινή
734 2006 798 2054 τις
830 1988 1099 2046 ὀψαρτυσία.

222 2086 345 2129 Haec
376 2086 509 2142 habui
540 2087 738 2139 exempla
769 2098 984 2137 versuum,
1027 2085 1181 2138 quibus
1215 2086 1500 2129 advenientes
1533 2099 1560 2129 a
1588 2086 1786 2139 personis

83 2165 191 2206 quae
221 2154 267 2198 in
298 2168 462 2200 scaena
493 2158 728 2200 versantur
758 2154 1074 2199 describuntur.
1126 2155 1222 2198 Non
1253 2168 1357 2199 vero
1389 2155 1530 2199 minus
1553 2155 1787 2211 diligenter

81 2222 111 2264 ii
150 2224 334 2269 trimetri
381 2226 606 2281 compositi
653 2228 776 2278 sunt,
823 2226 896 2279 qui
940 2225 1140 2282 11111111),
1185 2226 1382 2279 personis
1430 2238 1524 2269 cum
1571 2226 1785 2280 prodeant

80 2294 333 2340 recitantur.

290 2381 381 2422 ποῦ
409 2377 716 2436 Πισθέταιρός
747 2378 869 2421 ἐστιν
900 2372 1067 2434 ἅρχωνς
1098 2417 1145 2421 -
1177 2377 1344 2421 οὑτοσί.
1400 2380 1481 2424 AV.
1514 2377 1628 2422 1122

289 2451 358 2507 πᾷ
388 2452 472 2493 τᾶν
499 2449 685 2494 Ἀσανᾶν
717 2448 837 2493 ἐστιν
868 2448 898 2492 ἆ
928 2452 1086 2507 γερωία
1398 2450 1502 2506 Lys.
1534 2448 1621 2494 980

254 2517 316 2574 *ἢ
347 2522 419 2564 τοὶ
450 2521 713 2575 πρυτάνιες;
745 2520 807 2561 λῶ
837 2535 880 2561 τι
907 2523 1094 2574 μυσίξαι
1123 2522 1240 2562 νέον.

289 2599 354 2645 τίς
386 2594 443 2640 ἂν
474 2596 663 2654 φράσειε
694 2600 786 2641 ποῦ’
816 2597 928 2641 ’στιν
957 2597 984 2653 ἡ
1016 2599 1331 2655 Λυσιστράτη,·
1399 2599 1501 2654 Lys.
1534 2597 1648 2642 1086

289 2665 346 2714 ὥς
376 2662 534 2721 ἅνδρες
564 2667 689 2724 ἡμεῖς
721 2667 863 2711 οὑτοιὶ
892 2671 1117 2712 τοιουτοιί.

290 2743 407 2798 οἶζιιοι
437 2745 590 2795 τάλας.
621 2784 670 2789 -
700 2742 733 2788 ὦ
757 2735 1081 2801 “Ηράκλεις”τίς
1113 2745 1272 2788 οὑτοσί
1275 2763 1293 2798 ,·
1398 2748 1506 2790 Aah.
1539 2745 1654 2789 1018

289 2811 408 2867 οἴμοι
437 2815 576 2866 τάλας
607 2816 893 2874 ὀρνιθοθήρα
924 2820 1095 2859 τουτωί.
1396 2818 1478 2862 AV.
1510 2815 1567 2861 62

289 2884 406 2938 οἴμοι
436 2886 576 2936 τάλας
608 2887 632 2929 ὃ
663 2886 774 2938 Ζεὺς
806 2884 925 2937 ὅπως
953 2888 1013 2944 μή
1046 2887 1091 2941 μ’
1124 2885 1298 2944 ὄψεται.
1397 2890 1479 2933 AV.
1514 2887 1628 2932 1494

286 2956 378 2995 ποῦ’
406 2957 713 3014 Πισθέταιρός
744 2957 858 3012 562³,-
887 2996 937 3003 -.
964 2955 1022 3000 ἔα
1050 2958 1175 3001 τουτὶ
1204 2961 1253 3001 τί
1278 2954 1357 3017 ἧν,·
