2053 3404
944 242 1233 287 -34-

236 374 409 419 omnino
443 388 529 419 non
563 376 729 425 solutos
760 372 1039 428 inspeximus,
1071 370 1144 426 qui
1174 383 1261 416 non
1292 370 1474 416 fortuito
1506 369 1585 416 sed
1615 371 1735 415 certo
1757 369 1940 437 quodam

237 445 417 489 consilio
450 446 660 490 trimetris
691 445 800 488 artis
831 443 1008 488 minoris
1039 442 1196 486 inserti
1226 444 1375 494 erant,
1415 444 1548 495 atque
1578 440 1692 487 falso
1723 440 1942 484 iudicasse

238 530 347 570 eum,
378 518 453 572 qui
472 516 688 571 Rumpelii
717 515 838 560 nisus
869 513 1193 569 comparatione
1224 512 1286 569 (v.
1307 527 1378 569 pg.
1395 512 1443 569 7)
1463 512 1771 568 Aristophanis
1803 514 1941 555 artem

238 588 462 632 metricam
507 585 845 642 vituperaverit,
888 585 976 631 iam
1021 597 1136 629 nunc
1182 584 1379 639 intellegi
1425 586 1585 639 potest.
1655 584 1852 639 Quonam
1893 595 1942 626 se

239 659 501 703 abdiderunt
537 657 772 703 solutiones
813 659 860 702 et
889 656 1123 712 anapaesti
1154 655 1330 712 cyclici,
1370 667 1549 710 quorum
1578 654 1653 699 ille
1682 654 1729 699 in
1757 653 1942 709 singulis

239 731 333 775 fere
364 730 563 775 versibus
594 729 789 784 singulos
820 729 933 774 dixit
961 728 1141 773 inesse?

380 801 520 845 Velim
561 799 758 854 quaestio
788 799 995 845 instituta
1033 812 1085 844 eo
1127 812 1206 845 nos
1247 800 1403 853 ducat,
1447 801 1497 844 ut
1536 799 1665 853 paulo
1695 797 1859 843 rectius
1890 810 1943 842 ac

238 872 395 915 iustius
438 872 490 914 de
532 870 789 914 comicorum
837 872 933 914 arte
979 871 1160 914 metrica
1201 870 1452 914 iudicemus.
1522 869 1794 926 Tragoediae
1836 882 1943 912 sane

239 937 508 986 sollemnitas
540 942 586 984 et
607 943 909 996 argumentum
931 942 1168 995 postulant,
1199 944 1249 984 ut
1268 940 1467 996 graviter
1485 940 1740 994 placideque
1760 943 1943 984 metrum

237 1012 466 1056 iambicum
516 1011 715 1066 incedat,
767 1012 989 1057 rarissime
1041 1011 1255 1068 agitatum
1306 1010 1606 1055 solutionibus.
1681 1010 1794 1069 Quid
1840 1023 1944 1055 vero

238 1082 460 1137 Euripidis
511 1083 698 1137 Cyclops
750 1083 907 1127 docet?
987 1083 1081 1127 Iam
1129 1081 1282 1128 audias
1328 1082 1380 1127 G.
1412 1082 1731 1134 Hermannum,
1781 1081 1855 1137 qui
1898 1081 1944 1125 111

238 1152 375 1208 praef.
413 1152 470 1197 ad
499 1152 604 1197 Eur.
637 1152 753 1208 Cycl.
785 1166 856 1209 pg.
885 1153 994 1197 XIV
1032 1154 1147 1197 hanc
1186 1152 1330 1210 legem
1370 1153 1647 1197 observatam
1689 1164 1786 1197 esse
1828 1151 1945 1207 dicit,

242 1227 317 1279 „ut
357 1224 626 1279 tragicamm
666 1236 949 1279 personarum
990 1223 1131 1268 oratio
1173 1222 1280 1268 nihil
1317 1225 1373 1268 ab
1411 1223 1649 1270 severitate
1679 1223 1944 1279 tragicorum

238 1307 513 1339 numerorum
543 1295 760 1349 discedat,
802 1306 913 1349 quae
945 1296 1091 1339 autem
1122 1294 1264 1351 satyri
1294 1294 1541 1350 similesque
1572 1295 1819 1351 satyrorum
1849 1308 1944 1349 per-

240 1379 375 1410 sonae
407 1367 656 1419 loquuntur,
686 1366 732 1410 in
763 1366 817 1411 iis
849 1367 895 1410 et
914 1366 1072 1423 longae
1105 1401 1114 1411 .
1137 1401 1146 1411 .
1170 1401 1178 1411 .
1211 1365 1351 1420 quinti
1381 1364 1503 1421 pedis
1536 1362 1733 1422 syllabae
1765 1368 1811 1410 et
1842 1378 1946 1410 ana·

240 1439 395 1492 paesto
443 1438 564 1480 locus
611 1437 913 1480 concedatur.“
987 1437 1135 1492 Quid?
1185 1437 1420 1480 ltcentiane
1461 1436 1568 1489 fuit,
1610 1449 1738 1490 quam
1777 1436 1823 1479 111
1863 1438 1946 1480 hac

241 1509 394 1551 fabula
460 1509 753 1562 componenda
815 1508 1069 1562 Euripides,
1139 1509 1459 1563 Aristophanes
1529 1508 1574 1551 in
1641 1508 1946 1562 componendis

241 1577 473 1623 comoediis
504 1577 588 1623 sibi
618 1577 926 1623 indulserunt?
987 1577 1122 1623 Immo
1152 1578 1406 1634 postulabat
1444 1578 1591 1634 poesis
1622 1578 1786 1624 comica
1815 1578 1946 1624 istam

239 1650 512 1702 varietatem,
550 1662 679 1702 quam
710 1649 854 1704 rigida
883 1650 1114 1705 tragoedia
1143 1650 1413 1705 repudiavit3
1450 1662 1631 1694 necesse
1661 1652 1731 1694 est
1762 1651 1946 1694 comicos

239 1720 364 1764 modo
415 1719 481 1763 uti
530 1720 732 1765 versibus
779 1720 1121 1765 accuratissimis
1172 1721 1297 1765 modo
1348 1720 1573 1766 discinctis
1586 1755 1597 1776 ,
1646 1724 1696 1766 ut
1740 1722 1949 1768 eveniant

238 1791 352 1836 varii
398 1791 554 1835 coloris
599 1791 702 1835 illae
749 1791 1083 1846 compositiones
1123 1792 1339 1836 iucundae
1385 1794 1517 1846 atque
1561 1792 1758 1847 vivaces,
1809 1806 1949 1848 neque

239 1862 511 1917 Rumpelium
541 1862 682 1918 ipsum
714 1861 990 1908 desiderasse
1026 1865 1130 1919 puto
1162 1863 1406 1908 comoedias
1436 1863 1680 1919 Sophoclea
1720 1865 1817 1909 arte
1848 1877 1947 1909 con-

240 1933 442 1988 scriptas.

381 2004 624 2060 Pergamus
653 2003 791 2060 igitur
819 2004 866 2048 in
894 2004 1132 2049 tractanda
1170 2003 1428 2051 comicorum
1464 2006 1563 2052 arte
1591 2004 1795 2059 metrica,
1837 2017 1949 2060 quae

241 2087 338 2117 mea
368 2074 540 2128 quidem
571 2074 772 2129 opinione
802 2088 890 2120 non
920 2075 1062 2120 minus
1093 2075 1267 2120 subtilis
1307 2077 1378 2120 est
1408 2088 1537 2130 quam
1565 2076 1644 2120 illa
1672 2076 1949 2132 tragicorum.

240 2146 373 2188 Immo
416 2158 502 2198 qua
542 2145 773 2201 diligentia
813 2146 941 2191 metri
970 2146 1232 2191 varietatem
1268 2147 1574 2200 excoluerunt,
1614 2147 1733 2191 inter
1761 2147 1949 2192 virtutes

241 2215 511 2259 numeranda
541 2218 610 2260 est
640 2214 918 2273 poetarum.¹)

386 2357 424 2401 1)
443 2343 540 2394 ’Cum
562 2357 637 2395 illis
662 2368 754 2403 quae
777 2358 1010 2395 Hei-mannus
1034 2358 1058 2395 1.
1084 2359 1108 2396 1.
1134 2359 1327 2397 adnotavit
1358 2370 1487 2399 versus
1519 2370 1706 2409 conpares
1729 2360 1887 2408 scythae
1910 2360 1949 2399 in

241 2417 384 2453 Thesm.
411 2416 529 2452 exodo
554 2416 727 2453 tributos.
769 2417 839 2462 Qui
863 2427 945 2453 cum
967 2420 1044 2453 tam
1067 2417 1163 2453 male
1185 2417 1356 2462 loquatur
1371 2418 1509 2464 Attice,
1532 2422 1650 2456 metro
1675 2429 1816 2464 quoque
1831 2419 1950 2456 utitur

239 2473 447 2522 laxissime,
484 2478 528 2511 ut
559 2473 598 2511 in
631 2474 736 2513 nonis
772 2474 939 2513 versibus
977 2475 1090 2512 denas
1128 2474 1326 2515 solutiones
1363 2476 1578 2516 committat.
1634 2476 1717 2515 Hoc
1753 2476 1950 2516 artificium

239 2533 388 2570 aliunde
414 2533 503 2570 mihi
527 2536 656 2570 notum
681 2544 756 2570 non
780 2537 848 2572 est.
